%YAML 1.1
%TAG !u! tag:unity3d.com,2011:
--- !u!29 &1
OcclusionCullingSettings:
  m_ObjectHideFlags: 0
  serializedVersion: 2
  m_OcclusionBakeSettings:
    smallestOccluder: 5
    smallestHole: 0.25
    backfaceThreshold: 100
  m_SceneGUID: 00000000000000000000000000000000
  m_OcclusionCullingData: {fileID: 0}
--- !u!104 &2
RenderSettings:
  m_ObjectHideFlags: 0
  serializedVersion: 8
  m_Fog: 0
  m_FogColor: {r: 0.5, g: 0.5, b: 0.5, a: 1}
  m_FogMode: 3
  m_FogDensity: 0.01
  m_LinearFogStart: 0
  m_LinearFogEnd: 300
  m_AmbientSkyColor: {r: 0.212, g: 0.227, b: 0.259, a: 1}
  m_AmbientEquatorColor: {r: 0.114, g: 0.125, b: 0.133, a: 1}
  m_AmbientGroundColor: {r: 0.047, g: 0.043, b: 0.035, a: 1}
  m_AmbientIntensity: 1
  m_AmbientMode: 0
  m_SubtractiveShadowColor: {r: 0.42, g: 0.478, b: 0.627, a: 1}
  m_SkyboxMaterial: {fileID: 10304, guid: 0000000000000000f000000000000000, type: 0}
  m_HaloStrength: 0.5
  m_FlareStrength: 1
  m_FlareFadeSpeed: 3
  m_HaloTexture: {fileID: 0}
  m_SpotCookie: {fileID: 10001, guid: 0000000000000000e000000000000000, type: 0}
  m_DefaultReflectionMode: 0
  m_DefaultReflectionResolution: 128
  m_ReflectionBounces: 1
  m_ReflectionIntensity: 1
  m_CustomReflection: {fileID: 0}
  m_Sun: {fileID: 0}
  m_IndirectSpecularColor: {r: 0, g: 0, b: 0, a: 1}
--- !u!157 &4
LightmapSettings:
  m_ObjectHideFlags: 0
  serializedVersion: 11
  m_GIWorkflowMode: 0
  m_GISettings:
    serializedVersion: 2
    m_BounceScale: 1
    m_IndirectOutputScale: 1
    m_AlbedoBoost: 1
    m_TemporalCoherenceThreshold: 1
    m_EnvironmentLightingMode: 0
    m_EnableBakedLightmaps: 1
    m_EnableRealtimeLightmaps: 1
  m_LightmapEditorSettings:
    serializedVersion: 9
    m_Resolution: 2
    m_BakeResolution: 40
    m_TextureWidth: 1024
    m_TextureHeight: 1024
    m_AO: 0
    m_AOMaxDistance: 1
    m_CompAOExponent: 0
    m_CompAOExponentDirect: 0
    m_Padding: 2
    m_LightmapParameters: {fileID: 0}
    m_LightmapsBakeMode: 1
    m_TextureCompression: 1
    m_FinalGather: 0
    m_FinalGatherFiltering: 1
    m_FinalGatherRayCount: 1024
    m_ReflectionCompression: 2
    m_MixedBakeMode: 1
    m_BakeBackend: 0
    m_PVRSampling: 1
    m_PVRDirectSampleCount: 32
    m_PVRSampleCount: 500
    m_PVRBounces: 2
    m_PVRFilterTypeDirect: 0
    m_PVRFilterTypeIndirect: 0
    m_PVRFilterTypeAO: 0
    m_PVRFilteringMode: 0
    m_PVRCulling: 1
    m_PVRFilteringGaussRadiusDirect: 1
    m_PVRFilteringGaussRadiusIndirect: 5
    m_PVRFilteringGaussRadiusAO: 2
    m_PVRFilteringAtrousPositionSigmaDirect: 0.5
    m_PVRFilteringAtrousPositionSigmaIndirect: 2
    m_PVRFilteringAtrousPositionSigmaAO: 1
  m_LightingDataAsset: {fileID: 0}
  m_UseShadowmask: 0
--- !u!196 &5
NavMeshSettings:
  serializedVersion: 2
  m_ObjectHideFlags: 0
  m_BuildSettings:
    serializedVersion: 2
    agentTypeID: 0
    agentRadius: 0.5
    agentHeight: 2
    agentSlope: 45
    agentClimb: 0.4
    ledgeDropHeight: 0
    maxJumpAcrossDistance: 0
    minRegionArea: 2
    manualCellSize: 0
    cellSize: 0.16666667
    manualTileSize: 0
    tileSize: 256
    accuratePlacement: 0
    debug:
      m_Flags: 0
  m_NavMeshData: {fileID: 0}
--- !u!1 &32401657
GameObject:
  m_ObjectHideFlags: 0
  m_PrefabParentObject: {fileID: 185212, guid: 4e9788aed9f52a04dbd77d5b652a76d0, type: 2}
  m_PrefabInternal: {fileID: 1658987596}
  serializedVersion: 5
  m_Component:
  - component: {fileID: 32401663}
  - component: {fileID: 32401662}
  - component: {fileID: 32401661}
  - component: {fileID: 32401660}
  - component: {fileID: 32401659}
  - component: {fileID: 32401658}
  m_Layer: 5
  m_Name: Social
  m_TagString: Untagged
  m_Icon: {fileID: 0}
  m_NavMeshLayer: 0
  m_StaticEditorFlags: 0
  m_IsActive: 1
--- !u!114 &32401658
MonoBehaviour:
  m_ObjectHideFlags: 10
  m_PrefabParentObject: {fileID: 114250893941215820, guid: 4e9788aed9f52a04dbd77d5b652a76d0,
    type: 2}
  m_PrefabInternal: {fileID: 1658987596}
  m_GameObject: {fileID: 32401657}
  m_Enabled: 1
  m_EditorHideFlags: 0
  m_Script: {fileID: 112998890, guid: 325c5b2a7434372429c2ca9d61dba58e, type: 3}
  m_Name: 
  m_EditorClassIdentifier: 
  _guid: 24c01ba8-1db1-4dd7-861a-43947c746cf9
--- !u!114 &32401659
MonoBehaviour:
  m_ObjectHideFlags: 10
  m_PrefabParentObject: {fileID: 114654242521638480, guid: 4e9788aed9f52a04dbd77d5b652a76d0,
    type: 2}
  m_PrefabInternal: {fileID: 1658987596}
  m_GameObject: {fileID: 32401657}
  m_Enabled: 1
  m_EditorHideFlags: 0
  m_Script: {fileID: -605777808, guid: 325c5b2a7434372429c2ca9d61dba58e, type: 3}
  m_Name: 
  m_EditorClassIdentifier: 
  _isConnected: 1
  _guid: 
  _referenceCollection:
    _collection:
    - {fileID: 32401657}
    - {fileID: 454530377}
    - {fileID: 1429977824}
    - {fileID: 1509630439}
    - {fileID: 766388234}
    - {fileID: 236457801}
    - {fileID: 1462463732}
    - {fileID: 613029221}
    - {fileID: 1179433763}
    - {fileID: 1529891659}
    - {fileID: 703289135}
    - {fileID: 1643145869}
    - {fileID: 347154948}
  _assetGuid: 4e9788aed9f52a04dbd77d5b652a76d0
--- !u!114 &32401660
MonoBehaviour:
  m_ObjectHideFlags: 0
  m_PrefabParentObject: {fileID: 11443024, guid: 4e9788aed9f52a04dbd77d5b652a76d0,
    type: 2}
  m_PrefabInternal: {fileID: 1658987596}
  m_GameObject: {fileID: 32401657}
  m_Enabled: 1
  m_EditorHideFlags: 0
  m_Script: {fileID: 1301386320, guid: f5f67c52d1564df4a8936ccd202a3bd8, type: 3}
  m_Name: 
  m_EditorClassIdentifier: 
  m_IgnoreReversedGraphics: 1
  m_BlockingObjects: 0
  m_BlockingMask:
    serializedVersion: 2
    m_Bits: 4294967295
--- !u!114 &32401661
MonoBehaviour:
  m_ObjectHideFlags: 0
  m_PrefabParentObject: {fileID: 11494854, guid: 4e9788aed9f52a04dbd77d5b652a76d0,
    type: 2}
  m_PrefabInternal: {fileID: 1658987596}
  m_GameObject: {fileID: 32401657}
  m_Enabled: 1
  m_EditorHideFlags: 0
  m_Script: {fileID: 1980459831, guid: f5f67c52d1564df4a8936ccd202a3bd8, type: 3}
  m_Name: 
  m_EditorClassIdentifier: 
  m_UiScaleMode: 1
  m_ReferencePixelsPerUnit: 100
  m_ScaleFactor: 1
  m_ReferenceResolution: {x: 1920, y: 1080}
  m_ScreenMatchMode: 0
  m_MatchWidthOrHeight: 0
  m_PhysicalUnit: 3
  m_FallbackScreenDPI: 96
  m_DefaultSpriteDPI: 96
  m_DynamicPixelsPerUnit: 1
--- !u!223 &32401662
Canvas:
  m_ObjectHideFlags: 0
  m_PrefabParentObject: {fileID: 22335560, guid: 4e9788aed9f52a04dbd77d5b652a76d0,
    type: 2}
  m_PrefabInternal: {fileID: 1658987596}
  m_GameObject: {fileID: 32401657}
  m_Enabled: 1
  serializedVersion: 3
  m_RenderMode: 0
  m_Camera: {fileID: 0}
  m_PlaneDistance: 100
  m_PixelPerfect: 1
  m_ReceivesEvents: 1
  m_OverrideSorting: 0
  m_OverridePixelPerfect: 0
  m_SortingBucketNormalizedSize: 0
  m_AdditionalShaderChannelsFlag: 25
  m_SortingLayerID: 0
  m_SortingOrder: 0
  m_TargetDisplay: 0
--- !u!224 &32401663
RectTransform:
  m_ObjectHideFlags: 0
  m_PrefabParentObject: {fileID: 22462612, guid: 4e9788aed9f52a04dbd77d5b652a76d0,
    type: 2}
  m_PrefabInternal: {fileID: 1658987596}
  m_GameObject: {fileID: 32401657}
  m_LocalRotation: {x: 0, y: 0, z: 0, w: 1}
  m_LocalPosition: {x: 480, y: 320, z: 0}
  m_LocalScale: {x: 0.5, y: 0.5, z: 0.5}
  m_Children:
  - {fileID: 454530378}
  - {fileID: 1509630440}
  m_Father: {fileID: 0}
  m_RootOrder: 0
  m_LocalEulerAnglesHint: {x: 0, y: 0, z: 0}
  m_AnchorMin: {x: 0, y: 0}
  m_AnchorMax: {x: 0, y: 0}
  m_AnchoredPosition: {x: 480, y: 320}
  m_SizeDelta: {x: 1920, y: 1280}
  m_Pivot: {x: 0.5, y: 0.5}
--- !u!1 &236457801
GameObject:
  m_ObjectHideFlags: 0
  m_PrefabParentObject: {fileID: 115046, guid: 4e9788aed9f52a04dbd77d5b652a76d0, type: 2}
  m_PrefabInternal: {fileID: 1658987596}
  serializedVersion: 5
  m_Component:
  - component: {fileID: 236457802}
  - component: {fileID: 236457806}
  - component: {fileID: 236457805}
  - component: {fileID: 236457804}
  - component: {fileID: 236457803}
  m_Layer: 5
  m_Name: Button
  m_TagString: Untagged
  m_Icon: {fileID: 0}
  m_NavMeshLayer: 0
  m_StaticEditorFlags: 0
  m_IsActive: 1
--- !u!224 &236457802
RectTransform:
  m_ObjectHideFlags: 0
  m_PrefabParentObject: {fileID: 22453916, guid: 4e9788aed9f52a04dbd77d5b652a76d0,
    type: 2}
  m_PrefabInternal: {fileID: 1658987596}
  m_GameObject: {fileID: 236457801}
  m_LocalRotation: {x: 0, y: 0, z: 0, w: 1}
  m_LocalPosition: {x: 0, y: 277, z: 0}
  m_LocalScale: {x: 0.4, y: 0.4, z: 1}
  m_Children: []
  m_Father: {fileID: 1509630440}
  m_RootOrder: 1
  m_LocalEulerAnglesHint: {x: 0, y: 0, z: 0}
  m_AnchorMin: {x: 0.5, y: 0.5}
  m_AnchorMax: {x: 0.5, y: 0.5}
  m_AnchoredPosition: {x: 0, y: 277}
  m_SizeDelta: {x: 373, y: 373}
  m_Pivot: {x: 0.5, y: 0.5}
--- !u!114 &236457803
MonoBehaviour:
  m_ObjectHideFlags: 10
  m_PrefabParentObject: {fileID: 114172138581251812, guid: 4e9788aed9f52a04dbd77d5b652a76d0,
    type: 2}
  m_PrefabInternal: {fileID: 1658987596}
  m_GameObject: {fileID: 236457801}
  m_Enabled: 1
  m_EditorHideFlags: 0
  m_Script: {fileID: 112998890, guid: 325c5b2a7434372429c2ca9d61dba58e, type: 3}
  m_Name: 
  m_EditorClassIdentifier: 
  _guid: 09f9478f-65bd-4862-b22b-e0038dc70e1c
--- !u!114 &236457804
MonoBehaviour:
  m_ObjectHideFlags: 0
  m_PrefabParentObject: {fileID: 11466930, guid: 4e9788aed9f52a04dbd77d5b652a76d0,
    type: 2}
  m_PrefabInternal: {fileID: 1658987596}
  m_GameObject: {fileID: 236457801}
  m_Enabled: 1
  m_EditorHideFlags: 0
  m_Script: {fileID: 1392445389, guid: f5f67c52d1564df4a8936ccd202a3bd8, type: 3}
  m_Name: 
  m_EditorClassIdentifier: 
  m_Navigation:
    m_Mode: 3
    m_SelectOnUp: {fileID: 0}
    m_SelectOnDown: {fileID: 0}
    m_SelectOnLeft: {fileID: 0}
    m_SelectOnRight: {fileID: 0}
  m_Transition: 1
  m_Colors:
    m_NormalColor: {r: 1, g: 1, b: 1, a: 1}
    m_HighlightedColor: {r: 0.9607843, g: 0.9607843, b: 0.9607843, a: 1}
    m_PressedColor: {r: 0.78431374, g: 0.78431374, b: 0.78431374, a: 1}
    m_DisabledColor: {r: 0.78431374, g: 0.78431374, b: 0.78431374, a: 0.5019608}
    m_ColorMultiplier: 1
    m_FadeDuration: 0.1
  m_SpriteState:
    m_HighlightedSprite: {fileID: 0}
    m_PressedSprite: {fileID: 0}
    m_DisabledSprite: {fileID: 0}
  m_AnimationTriggers:
    m_NormalTrigger: Normal
    m_HighlightedTrigger: Highlighted
    m_PressedTrigger: Pressed
    m_DisabledTrigger: Disabled
  m_Interactable: 1
  m_TargetGraphic: {fileID: 236457805}
  m_OnClick:
    m_PersistentCalls:
      m_Calls: []
    m_TypeName: UnityEngine.UI.Button+ButtonClickedEvent, UnityEngine.UI, Version=1.0.0.0,
      Culture=neutral, PublicKeyToken=null
--- !u!114 &236457805
MonoBehaviour:
  m_ObjectHideFlags: 0
  m_PrefabParentObject: {fileID: 11416822, guid: 4e9788aed9f52a04dbd77d5b652a76d0,
    type: 2}
  m_PrefabInternal: {fileID: 1658987596}
  m_GameObject: {fileID: 236457801}
  m_Enabled: 1
  m_EditorHideFlags: 0
  m_Script: {fileID: -765806418, guid: f5f67c52d1564df4a8936ccd202a3bd8, type: 3}
  m_Name: 
  m_EditorClassIdentifier: 
  m_Material: {fileID: 0}
  m_Color: {r: 0.19215687, g: 0.2, b: 0.21176471, a: 1}
  m_RaycastTarget: 1
  m_OnCullStateChanged:
    m_PersistentCalls:
      m_Calls: []
    m_TypeName: UnityEngine.UI.MaskableGraphic+CullStateChangedEvent, UnityEngine.UI,
      Version=1.0.0.0, Culture=neutral, PublicKeyToken=null
  m_Sprite: {fileID: 21300000, guid: 71c52fe04542c8e4483550805cd1bfb6, type: 3}
  m_Type: 0
  m_PreserveAspect: 0
  m_FillCenter: 1
  m_FillMethod: 4
  m_FillAmount: 1
  m_FillClockwise: 1
  m_FillOrigin: 0
--- !u!222 &236457806
CanvasRenderer:
  m_ObjectHideFlags: 0
  m_PrefabParentObject: {fileID: 22272828, guid: 4e9788aed9f52a04dbd77d5b652a76d0,
    type: 2}
  m_PrefabInternal: {fileID: 1658987596}
  m_GameObject: {fileID: 236457801}
--- !u!1 &347154948
GameObject:
  m_ObjectHideFlags: 0
  m_PrefabParentObject: {fileID: 193830, guid: 4e9788aed9f52a04dbd77d5b652a76d0, type: 2}
  m_PrefabInternal: {fileID: 1658987596}
  serializedVersion: 5
  m_Component:
  - component: {fileID: 347154952}
  - component: {fileID: 347154951}
  - component: {fileID: 347154950}
  - component: {fileID: 347154949}
  m_Layer: 5
  m_Name: Circle
  m_TagString: Untagged
  m_Icon: {fileID: 0}
  m_NavMeshLayer: 0
  m_StaticEditorFlags: 0
  m_IsActive: 1
--- !u!114 &347154949
MonoBehaviour:
  m_ObjectHideFlags: 10
  m_PrefabParentObject: {fileID: 114692879083008088, guid: 4e9788aed9f52a04dbd77d5b652a76d0,
    type: 2}
  m_PrefabInternal: {fileID: 1658987596}
  m_GameObject: {fileID: 347154948}
  m_Enabled: 1
  m_EditorHideFlags: 0
  m_Script: {fileID: 112998890, guid: 325c5b2a7434372429c2ca9d61dba58e, type: 3}
  m_Name: 
  m_EditorClassIdentifier: 
  _guid: 9ac9c390-1093-4d38-96d9-ad4df22394aa
--- !u!114 &347154950
MonoBehaviour:
  m_ObjectHideFlags: 0
  m_PrefabParentObject: {fileID: 11477864, guid: 4e9788aed9f52a04dbd77d5b652a76d0,
    type: 2}
  m_PrefabInternal: {fileID: 1658987596}
  m_GameObject: {fileID: 347154948}
  m_Enabled: 1
  m_EditorHideFlags: 0
  m_Script: {fileID: -765806418, guid: f5f67c52d1564df4a8936ccd202a3bd8, type: 3}
  m_Name: 
  m_EditorClassIdentifier: 
  m_Material: {fileID: 0}
  m_Color: {r: 1, g: 1, b: 1, a: 0.3254902}
  m_RaycastTarget: 1
  m_OnCullStateChanged:
    m_PersistentCalls:
      m_Calls: []
    m_TypeName: UnityEngine.UI.MaskableGraphic+CullStateChangedEvent, UnityEngine.UI,
      Version=1.0.0.0, Culture=neutral, PublicKeyToken=null
  m_Sprite: {fileID: 21300000, guid: f04f7faa5cfd8444a9b61e426135725f, type: 3}
  m_Type: 0
  m_PreserveAspect: 0
  m_FillCenter: 1
  m_FillMethod: 4
  m_FillAmount: 1
  m_FillClockwise: 1
  m_FillOrigin: 0
--- !u!222 &347154951
CanvasRenderer:
  m_ObjectHideFlags: 0
  m_PrefabParentObject: {fileID: 22231454, guid: 4e9788aed9f52a04dbd77d5b652a76d0,
    type: 2}
  m_PrefabInternal: {fileID: 1658987596}
  m_GameObject: {fileID: 347154948}
--- !u!224 &347154952
RectTransform:
  m_ObjectHideFlags: 0
  m_PrefabParentObject: {fileID: 22425588, guid: 4e9788aed9f52a04dbd77d5b652a76d0,
    type: 2}
  m_PrefabInternal: {fileID: 1658987596}
  m_GameObject: {fileID: 347154948}
  m_LocalRotation: {x: 0, y: 0, z: 0, w: 1}
  m_LocalPosition: {x: 39.4, y: -389.8, z: 0}
  m_LocalScale: {x: 0.4, y: 0.4, z: 1}
  m_Children: []
  m_Father: {fileID: 1509630440}
  m_RootOrder: 6
  m_LocalEulerAnglesHint: {x: 0, y: 0, z: 0}
  m_AnchorMin: {x: 0.5, y: 0.5}
  m_AnchorMax: {x: 0.5, y: 0.5}
  m_AnchoredPosition: {x: 39.4, y: -389.8}
  m_SizeDelta: {x: 45, y: 44}
  m_Pivot: {x: 0.5, y: 0.5}
--- !u!1 &454530377
GameObject:
  m_ObjectHideFlags: 0
  m_PrefabParentObject: {fileID: 116510, guid: 4e9788aed9f52a04dbd77d5b652a76d0, type: 2}
  m_PrefabInternal: {fileID: 1658987596}
  serializedVersion: 5
  m_Component:
  - component: {fileID: 454530378}
  - component: {fileID: 454530381}
  - component: {fileID: 454530380}
  - component: {fileID: 454530379}
  m_Layer: 5
  m_Name: AppTitle
  m_TagString: Untagged
  m_Icon: {fileID: 0}
  m_NavMeshLayer: 0
  m_StaticEditorFlags: 0
  m_IsActive: 1
--- !u!224 &454530378
RectTransform:
  m_ObjectHideFlags: 0
  m_PrefabParentObject: {fileID: 22403976, guid: 4e9788aed9f52a04dbd77d5b652a76d0,
    type: 2}
  m_PrefabInternal: {fileID: 1658987596}
  m_GameObject: {fileID: 454530377}
  m_LocalRotation: {x: 0, y: 0, z: 0, w: 1}
  m_LocalPosition: {x: -576, y: 660, z: 0}
  m_LocalScale: {x: 1, y: 1, z: 1}
  m_Children:
  - {fileID: 1429977828}
  m_Father: {fileID: 32401663}
  m_RootOrder: 0
  m_LocalEulerAnglesHint: {x: 0, y: 0, z: 0}
  m_AnchorMin: {x: 0.5, y: 0.5}
  m_AnchorMax: {x: 0.5, y: 0.5}
  m_AnchoredPosition: {x: -576, y: 660}
  m_SizeDelta: {x: 768, y: 109}
  m_Pivot: {x: 0.5, y: 0.5}
--- !u!114 &454530379
MonoBehaviour:
  m_ObjectHideFlags: 10
  m_PrefabParentObject: {fileID: 114222526377774926, guid: 4e9788aed9f52a04dbd77d5b652a76d0,
    type: 2}
  m_PrefabInternal: {fileID: 1658987596}
  m_GameObject: {fileID: 454530377}
  m_Enabled: 1
  m_EditorHideFlags: 0
  m_Script: {fileID: 112998890, guid: 325c5b2a7434372429c2ca9d61dba58e, type: 3}
  m_Name: 
  m_EditorClassIdentifier: 
  _guid: 62fc5f86-8abd-415f-bbb6-428d8d9892dd
--- !u!114 &454530380
MonoBehaviour:
  m_ObjectHideFlags: 0
  m_PrefabParentObject: {fileID: 11407164, guid: 4e9788aed9f52a04dbd77d5b652a76d0,
    type: 2}
  m_PrefabInternal: {fileID: 1658987596}
  m_GameObject: {fileID: 454530377}
  m_Enabled: 1
  m_EditorHideFlags: 0
  m_Script: {fileID: 708705254, guid: f5f67c52d1564df4a8936ccd202a3bd8, type: 3}
  m_Name: 
  m_EditorClassIdentifier: 
  m_Material: {fileID: 0}
  m_Color: {r: 0.85490197, g: 0.85490197, b: 0.85490197, a: 1}
  m_RaycastTarget: 1
  m_OnCullStateChanged:
    m_PersistentCalls:
      m_Calls: []
    m_TypeName: UnityEngine.UI.MaskableGraphic+CullStateChangedEvent, UnityEngine.UI,
      Version=1.0.0.0, Culture=neutral, PublicKeyToken=null
  m_FontData:
    m_Font: {fileID: 12800000, guid: 218956a5c2a6e42d6a60afccf80b002b, type: 3}
    m_FontSize: 102
    m_FontStyle: 0
    m_BestFit: 0
    m_MinSize: 10
    m_MaxSize: 102
    m_Alignment: 0
    m_AlignByGeometry: 0
    m_RichText: 1
    m_HorizontalOverflow: 0
    m_VerticalOverflow: 1
    m_LineSpacing: 1
  m_Text: SOCIAL
--- !u!222 &454530381
CanvasRenderer:
  m_ObjectHideFlags: 0
  m_PrefabParentObject: {fileID: 22260120, guid: 4e9788aed9f52a04dbd77d5b652a76d0,
    type: 2}
  m_PrefabInternal: {fileID: 1658987596}
  m_GameObject: {fileID: 454530377}
--- !u!1 &613029221
GameObject:
  m_ObjectHideFlags: 0
  m_PrefabParentObject: {fileID: 101436, guid: 4e9788aed9f52a04dbd77d5b652a76d0, type: 2}
  m_PrefabInternal: {fileID: 1658987596}
  serializedVersion: 5
  m_Component:
  - component: {fileID: 613029222}
  - component: {fileID: 613029225}
  - component: {fileID: 613029224}
  - component: {fileID: 613029223}
  m_Layer: 5
  m_Name: Text
  m_TagString: Untagged
  m_Icon: {fileID: 0}
  m_NavMeshLayer: 0
  m_StaticEditorFlags: 0
  m_IsActive: 1
--- !u!224 &613029222
RectTransform:
  m_ObjectHideFlags: 0
  m_PrefabParentObject: {fileID: 22455834, guid: 4e9788aed9f52a04dbd77d5b652a76d0,
    type: 2}
  m_PrefabInternal: {fileID: 1658987596}
  m_GameObject: {fileID: 613029221}
  m_LocalRotation: {x: 0, y: 0, z: 0, w: 1}
  m_LocalPosition: {x: 0, y: 0, z: 0}
  m_LocalScale: {x: 1, y: 1, z: 1}
  m_Children: []
  m_Father: {fileID: 1462463733}
  m_RootOrder: 0
  m_LocalEulerAnglesHint: {x: 0, y: 0, z: 0}
  m_AnchorMin: {x: 0.5, y: 0.5}
  m_AnchorMax: {x: 0.5, y: 0.5}
  m_AnchoredPosition: {x: 0, y: 0}
  m_SizeDelta: {x: 202, y: 65}
  m_Pivot: {x: 0.5, y: 0.5}
--- !u!114 &613029223
MonoBehaviour:
  m_ObjectHideFlags: 10
  m_PrefabParentObject: {fileID: 114103067848663810, guid: 4e9788aed9f52a04dbd77d5b652a76d0,
    type: 2}
  m_PrefabInternal: {fileID: 1658987596}
  m_GameObject: {fileID: 613029221}
  m_Enabled: 1
  m_EditorHideFlags: 0
  m_Script: {fileID: 112998890, guid: 325c5b2a7434372429c2ca9d61dba58e, type: 3}
  m_Name: 
  m_EditorClassIdentifier: 
  _guid: af5e293e-0048-4aa8-818a-cc44f8760420
--- !u!114 &613029224
MonoBehaviour:
  m_ObjectHideFlags: 0
  m_PrefabParentObject: {fileID: 11493616, guid: 4e9788aed9f52a04dbd77d5b652a76d0,
    type: 2}
  m_PrefabInternal: {fileID: 1658987596}
  m_GameObject: {fileID: 613029221}
  m_Enabled: 1
  m_EditorHideFlags: 0
  m_Script: {fileID: 708705254, guid: f5f67c52d1564df4a8936ccd202a3bd8, type: 3}
  m_Name: 
  m_EditorClassIdentifier: 
  m_Material: {fileID: 0}
  m_Color: {r: 0.3455882, g: 0.3455882, b: 0.3455882, a: 1}
  m_RaycastTarget: 1
  m_OnCullStateChanged:
    m_PersistentCalls:
      m_Calls: []
    m_TypeName: UnityEngine.UI.MaskableGraphic+CullStateChangedEvent, UnityEngine.UI,
      Version=1.0.0.0, Culture=neutral, PublicKeyToken=null
  m_FontData:
    m_Font: {fileID: 12800000, guid: 218956a5c2a6e42d6a60afccf80b002b, type: 3}
    m_FontSize: 40
    m_FontStyle: 0
    m_BestFit: 0
    m_MinSize: 10
    m_MaxSize: 40
    m_Alignment: 4
    m_AlignByGeometry: 0
    m_RichText: 1
    m_HorizontalOverflow: 0
    m_VerticalOverflow: 0
    m_LineSpacing: 1
  m_Text: JOURNEY
--- !u!222 &613029225
CanvasRenderer:
  m_ObjectHideFlags: 0
  m_PrefabParentObject: {fileID: 22265442, guid: 4e9788aed9f52a04dbd77d5b652a76d0,
    type: 2}
  m_PrefabInternal: {fileID: 1658987596}
  m_GameObject: {fileID: 613029221}
--- !u!1 &703289135
GameObject:
  m_ObjectHideFlags: 0
  m_PrefabParentObject: {fileID: 140834, guid: 4e9788aed9f52a04dbd77d5b652a76d0, type: 2}
  m_PrefabInternal: {fileID: 1658987596}
  serializedVersion: 5
  m_Component:
  - component: {fileID: 703289136}
  - component: {fileID: 703289139}
  - component: {fileID: 703289138}
  - component: {fileID: 703289137}
  m_Layer: 5
  m_Name: Circle
  m_TagString: Untagged
  m_Icon: {fileID: 0}
  m_NavMeshLayer: 0
  m_StaticEditorFlags: 0
  m_IsActive: 1
--- !u!224 &703289136
RectTransform:
  m_ObjectHideFlags: 0
  m_PrefabParentObject: {fileID: 22440692, guid: 4e9788aed9f52a04dbd77d5b652a76d0,
    type: 2}
  m_PrefabInternal: {fileID: 1658987596}
  m_GameObject: {fileID: 703289135}
  m_LocalRotation: {x: 0, y: 0, z: 0, w: 1}
  m_LocalPosition: {x: -40.6, y: -389.8, z: 0}
  m_LocalScale: {x: 0.4, y: 0.4, z: 1}
  m_Children: []
  m_Father: {fileID: 1509630440}
  m_RootOrder: 4
  m_LocalEulerAnglesHint: {x: 0, y: 0, z: 0}
  m_AnchorMin: {x: 0.5, y: 0.5}
  m_AnchorMax: {x: 0.5, y: 0.5}
  m_AnchoredPosition: {x: -40.6, y: -389.8}
  m_SizeDelta: {x: 45, y: 44}
  m_Pivot: {x: 0.5, y: 0.5}
--- !u!114 &703289137
MonoBehaviour:
  m_ObjectHideFlags: 10
  m_PrefabParentObject: {fileID: 114017777974228198, guid: 4e9788aed9f52a04dbd77d5b652a76d0,
    type: 2}
  m_PrefabInternal: {fileID: 1658987596}
  m_GameObject: {fileID: 703289135}
  m_Enabled: 1
  m_EditorHideFlags: 0
  m_Script: {fileID: 112998890, guid: 325c5b2a7434372429c2ca9d61dba58e, type: 3}
  m_Name: 
  m_EditorClassIdentifier: 
  _guid: d6c04f02-0a06-401d-8496-d5cf774616aa
--- !u!114 &703289138
MonoBehaviour:
  m_ObjectHideFlags: 0
  m_PrefabParentObject: {fileID: 11422090, guid: 4e9788aed9f52a04dbd77d5b652a76d0,
    type: 2}
  m_PrefabInternal: {fileID: 1658987596}
  m_GameObject: {fileID: 703289135}
  m_Enabled: 1
  m_EditorHideFlags: 0
  m_Script: {fileID: -765806418, guid: f5f67c52d1564df4a8936ccd202a3bd8, type: 3}
  m_Name: 
  m_EditorClassIdentifier: 
  m_Material: {fileID: 0}
  m_Color: {r: 1, g: 1, b: 1, a: 0.3254902}
  m_RaycastTarget: 1
  m_OnCullStateChanged:
    m_PersistentCalls:
      m_Calls: []
    m_TypeName: UnityEngine.UI.MaskableGraphic+CullStateChangedEvent, UnityEngine.UI,
      Version=1.0.0.0, Culture=neutral, PublicKeyToken=null
  m_Sprite: {fileID: 21300000, guid: f04f7faa5cfd8444a9b61e426135725f, type: 3}
  m_Type: 0
  m_PreserveAspect: 0
  m_FillCenter: 1
  m_FillMethod: 4
  m_FillAmount: 1
  m_FillClockwise: 1
  m_FillOrigin: 0
--- !u!222 &703289139
CanvasRenderer:
  m_ObjectHideFlags: 0
  m_PrefabParentObject: {fileID: 22261892, guid: 4e9788aed9f52a04dbd77d5b652a76d0,
    type: 2}
  m_PrefabInternal: {fileID: 1658987596}
  m_GameObject: {fileID: 703289135}
--- !u!1 &766388234
GameObject:
  m_ObjectHideFlags: 0
  m_PrefabParentObject: {fileID: 178128, guid: 4e9788aed9f52a04dbd77d5b652a76d0, type: 2}
  m_PrefabInternal: {fileID: 1658987596}
  serializedVersion: 5
  m_Component:
  - component: {fileID: 766388235}
  - component: {fileID: 766388238}
  - component: {fileID: 766388237}
  - component: {fileID: 766388236}
  m_Layer: 5
  m_Name: Image
  m_TagString: Untagged
  m_Icon: {fileID: 0}
  m_NavMeshLayer: 0
  m_StaticEditorFlags: 0
  m_IsActive: 1
--- !u!224 &766388235
RectTransform:
  m_ObjectHideFlags: 0
  m_PrefabParentObject: {fileID: 22455228, guid: 4e9788aed9f52a04dbd77d5b652a76d0,
    type: 2}
  m_PrefabInternal: {fileID: 1658987596}
  m_GameObject: {fileID: 766388234}
  m_LocalRotation: {x: 0, y: 0, z: 0, w: 1}
  m_LocalPosition: {x: 3, y: -360, z: 0}
  m_LocalScale: {x: 1, y: 1, z: 1}
  m_Children: []
  m_Father: {fileID: 1509630440}
  m_RootOrder: 0
  m_LocalEulerAnglesHint: {x: 0, y: 0, z: 0}
  m_AnchorMin: {x: 0.5, y: 0.5}
  m_AnchorMax: {x: 0.5, y: 0.5}
  m_AnchoredPosition: {x: 3, y: -360}
  m_SizeDelta: {x: 1934, y: 2875}
  m_Pivot: {x: 0.5, y: 0.5}
--- !u!114 &766388236
MonoBehaviour:
  m_ObjectHideFlags: 10
  m_PrefabParentObject: {fileID: 114365681032945908, guid: 4e9788aed9f52a04dbd77d5b652a76d0,
    type: 2}
  m_PrefabInternal: {fileID: 1658987596}
  m_GameObject: {fileID: 766388234}
  m_Enabled: 1
  m_EditorHideFlags: 0
  m_Script: {fileID: 112998890, guid: 325c5b2a7434372429c2ca9d61dba58e, type: 3}
  m_Name: 
  m_EditorClassIdentifier: 
  _guid: faf13315-eed6-4e7d-b7d5-cbfc50e24ddb
--- !u!114 &766388237
MonoBehaviour:
  m_ObjectHideFlags: 0
  m_PrefabParentObject: {fileID: 11480958, guid: 4e9788aed9f52a04dbd77d5b652a76d0,
    type: 2}
  m_PrefabInternal: {fileID: 1658987596}
  m_GameObject: {fileID: 766388234}
  m_Enabled: 1
  m_EditorHideFlags: 0
  m_Script: {fileID: -765806418, guid: f5f67c52d1564df4a8936ccd202a3bd8, type: 3}
  m_Name: 
  m_EditorClassIdentifier: 
  m_Material: {fileID: 0}
  m_Color: {r: 1, g: 1, b: 1, a: 1}
  m_RaycastTarget: 1
  m_OnCullStateChanged:
    m_PersistentCalls:
      m_Calls: []
    m_TypeName: UnityEngine.UI.MaskableGraphic+CullStateChangedEvent, UnityEngine.UI,
      Version=1.0.0.0, Culture=neutral, PublicKeyToken=null
  m_Sprite: {fileID: 21300000, guid: fd006f2b3f251e34aa227649280d8cc6, type: 3}
  m_Type: 0
  m_PreserveAspect: 0
  m_FillCenter: 1
  m_FillMethod: 4
  m_FillAmount: 1
  m_FillClockwise: 1
  m_FillOrigin: 0
--- !u!222 &766388238
CanvasRenderer:
  m_ObjectHideFlags: 0
  m_PrefabParentObject: {fileID: 22213732, guid: 4e9788aed9f52a04dbd77d5b652a76d0,
    type: 2}
  m_PrefabInternal: {fileID: 1658987596}
  m_GameObject: {fileID: 766388234}
--- !u!1 &1179433763
GameObject:
  m_ObjectHideFlags: 0
  m_PrefabParentObject: {fileID: 105262, guid: 4e9788aed9f52a04dbd77d5b652a76d0, type: 2}
  m_PrefabInternal: {fileID: 1658987596}
  serializedVersion: 5
  m_Component:
  - component: {fileID: 1179433764}
  - component: {fileID: 1179433768}
  - component: {fileID: 1179433767}
  - component: {fileID: 1179433766}
  - component: {fileID: 1179433765}
  m_Layer: 5
  m_Name: Button
  m_TagString: Untagged
  m_Icon: {fileID: 0}
  m_NavMeshLayer: 0
  m_StaticEditorFlags: 0
  m_IsActive: 1
--- !u!224 &1179433764
RectTransform:
  m_ObjectHideFlags: 0
  m_PrefabParentObject: {fileID: 22419568, guid: 4e9788aed9f52a04dbd77d5b652a76d0,
    type: 2}
  m_PrefabInternal: {fileID: 1658987596}
  m_GameObject: {fileID: 1179433763}
  m_LocalRotation: {x: 0, y: 0, z: 0, w: 1}
  m_LocalPosition: {x: 0, y: -187, z: 0}
  m_LocalScale: {x: 0.8, y: 0.8, z: 1}
  m_Children:
  - {fileID: 1529891660}
  m_Father: {fileID: 1509630440}
  m_RootOrder: 3
  m_LocalEulerAnglesHint: {x: 0, y: 0, z: 0}
  m_AnchorMin: {x: 0.5, y: 0.5}
  m_AnchorMax: {x: 0.5, y: 0.5}
  m_AnchoredPosition: {x: 0, y: -187}
  m_SizeDelta: {x: 499, y: 138}
  m_Pivot: {x: 0.5, y: 0.5}
--- !u!114 &1179433765
MonoBehaviour:
  m_ObjectHideFlags: 10
  m_PrefabParentObject: {fileID: 114603810289845028, guid: 4e9788aed9f52a04dbd77d5b652a76d0,
    type: 2}
  m_PrefabInternal: {fileID: 1658987596}
  m_GameObject: {fileID: 1179433763}
  m_Enabled: 1
  m_EditorHideFlags: 0
  m_Script: {fileID: 112998890, guid: 325c5b2a7434372429c2ca9d61dba58e, type: 3}
  m_Name: 
  m_EditorClassIdentifier: 
  _guid: 0fe16142-ac96-4f63-8f7f-968c3a1ba9e0
--- !u!114 &1179433766
MonoBehaviour:
  m_ObjectHideFlags: 0
  m_PrefabParentObject: {fileID: 11489388, guid: 4e9788aed9f52a04dbd77d5b652a76d0,
    type: 2}
  m_PrefabInternal: {fileID: 1658987596}
  m_GameObject: {fileID: 1179433763}
  m_Enabled: 1
  m_EditorHideFlags: 0
  m_Script: {fileID: 1392445389, guid: f5f67c52d1564df4a8936ccd202a3bd8, type: 3}
  m_Name: 
  m_EditorClassIdentifier: 
  m_Navigation:
    m_Mode: 3
    m_SelectOnUp: {fileID: 0}
    m_SelectOnDown: {fileID: 0}
    m_SelectOnLeft: {fileID: 0}
    m_SelectOnRight: {fileID: 0}
  m_Transition: 1
  m_Colors:
    m_NormalColor: {r: 1, g: 1, b: 1, a: 1}
    m_HighlightedColor: {r: 0.9607843, g: 0.9607843, b: 0.9607843, a: 1}
    m_PressedColor: {r: 0.78431374, g: 0.78431374, b: 0.78431374, a: 1}
    m_DisabledColor: {r: 0.78431374, g: 0.78431374, b: 0.78431374, a: 0.5019608}
    m_ColorMultiplier: 1
    m_FadeDuration: 0.1
  m_SpriteState:
    m_HighlightedSprite: {fileID: 0}
    m_PressedSprite: {fileID: 0}
    m_DisabledSprite: {fileID: 0}
  m_AnimationTriggers:
    m_NormalTrigger: Normal
    m_HighlightedTrigger: Highlighted
    m_PressedTrigger: Pressed
    m_DisabledTrigger: Disabled
  m_Interactable: 1
  m_TargetGraphic: {fileID: 1179433767}
  m_OnClick:
    m_PersistentCalls:
      m_Calls: []
    m_TypeName: UnityEngine.UI.Button+ButtonClickedEvent, UnityEngine.UI, Version=1.0.0.0,
      Culture=neutral, PublicKeyToken=null
--- !u!114 &1179433767
MonoBehaviour:
  m_ObjectHideFlags: 0
  m_PrefabParentObject: {fileID: 11476138, guid: 4e9788aed9f52a04dbd77d5b652a76d0,
    type: 2}
  m_PrefabInternal: {fileID: 1658987596}
  m_GameObject: {fileID: 1179433763}
  m_Enabled: 1
  m_EditorHideFlags: 0
  m_Script: {fileID: -765806418, guid: f5f67c52d1564df4a8936ccd202a3bd8, type: 3}
  m_Name: 
  m_EditorClassIdentifier: 
  m_Material: {fileID: 0}
  m_Color: {r: 1, g: 1, b: 1, a: 0.7254902}
  m_RaycastTarget: 1
  m_OnCullStateChanged:
    m_PersistentCalls:
      m_Calls: []
    m_TypeName: UnityEngine.UI.MaskableGraphic+CullStateChangedEvent, UnityEngine.UI,
      Version=1.0.0.0, Culture=neutral, PublicKeyToken=null
  m_Sprite: {fileID: 21300000, guid: b12c4efbbf297cf4db944b3a4d7e5316, type: 3}
  m_Type: 1
  m_PreserveAspect: 0
  m_FillCenter: 1
  m_FillMethod: 4
  m_FillAmount: 1
  m_FillClockwise: 1
  m_FillOrigin: 0
--- !u!222 &1179433768
CanvasRenderer:
  m_ObjectHideFlags: 0
  m_PrefabParentObject: {fileID: 22299524, guid: 4e9788aed9f52a04dbd77d5b652a76d0,
    type: 2}
  m_PrefabInternal: {fileID: 1658987596}
  m_GameObject: {fileID: 1179433763}
--- !u!1 &1429977824
GameObject:
  m_ObjectHideFlags: 0
  m_PrefabParentObject: {fileID: 151852, guid: 4e9788aed9f52a04dbd77d5b652a76d0, type: 2}
  m_PrefabInternal: {fileID: 1658987596}
  serializedVersion: 5
  m_Component:
  - component: {fileID: 1429977828}
  - component: {fileID: 1429977827}
  - component: {fileID: 1429977826}
  - component: {fileID: 1429977825}
  m_Layer: 5
  m_Name: AppTitle
  m_TagString: Untagged
  m_Icon: {fileID: 0}
  m_NavMeshLayer: 0
  m_StaticEditorFlags: 0
  m_IsActive: 1
--- !u!114 &1429977825
MonoBehaviour:
  m_ObjectHideFlags: 10
  m_PrefabParentObject: {fileID: 114877774471499304, guid: 4e9788aed9f52a04dbd77d5b652a76d0,
    type: 2}
  m_PrefabInternal: {fileID: 1658987596}
  m_GameObject: {fileID: 1429977824}
  m_Enabled: 1
  m_EditorHideFlags: 0
  m_Script: {fileID: 112998890, guid: 325c5b2a7434372429c2ca9d61dba58e, type: 3}
  m_Name: 
  m_EditorClassIdentifier: 
  _guid: 6d7ecd36-c6db-407f-a430-2d394a639bc6
--- !u!114 &1429977826
MonoBehaviour:
  m_ObjectHideFlags: 0
  m_PrefabParentObject: {fileID: 11435944, guid: 4e9788aed9f52a04dbd77d5b652a76d0,
    type: 2}
  m_PrefabInternal: {fileID: 1658987596}
  m_GameObject: {fileID: 1429977824}
  m_Enabled: 1
  m_EditorHideFlags: 0
  m_Script: {fileID: 708705254, guid: f5f67c52d1564df4a8936ccd202a3bd8, type: 3}
  m_Name: 
  m_EditorClassIdentifier: 
  m_Material: {fileID: 0}
  m_Color: {r: 0.85490197, g: 0.85490197, b: 0.85490197, a: 1}
  m_RaycastTarget: 1
  m_OnCullStateChanged:
    m_PersistentCalls:
      m_Calls: []
    m_TypeName: UnityEngine.UI.MaskableGraphic+CullStateChangedEvent, UnityEngine.UI,
      Version=1.0.0.0, Culture=neutral, PublicKeyToken=null
  m_FontData:
    m_Font: {fileID: 12800000, guid: 218956a5c2a6e42d6a60afccf80b002b, type: 3}
    m_FontSize: 40
    m_FontStyle: 0
    m_BestFit: 0
    m_MinSize: 10
    m_MaxSize: 40
    m_Alignment: 0
    m_AlignByGeometry: 0
    m_RichText: 1
    m_HorizontalOverflow: 0
    m_VerticalOverflow: 1
    m_LineSpacing: 1
  m_Text: APP SAMPLE DESKTOP
--- !u!222 &1429977827
CanvasRenderer:
  m_ObjectHideFlags: 0
  m_PrefabParentObject: {fileID: 22226890, guid: 4e9788aed9f52a04dbd77d5b652a76d0,
    type: 2}
  m_PrefabInternal: {fileID: 1658987596}
  m_GameObject: {fileID: 1429977824}
--- !u!224 &1429977828
RectTransform:
  m_ObjectHideFlags: 0
  m_PrefabParentObject: {fileID: 22471026, guid: 4e9788aed9f52a04dbd77d5b652a76d0,
    type: 2}
  m_PrefabInternal: {fileID: 1658987596}
  m_GameObject: {fileID: 1429977824}
  m_LocalRotation: {x: 0, y: 0, z: 0, w: 1}
  m_LocalPosition: {x: -36.5, y: -88, z: 0}
  m_LocalScale: {x: 1, y: 1, z: 1}
  m_Children: []
  m_Father: {fileID: 454530378}
  m_RootOrder: 0
  m_LocalEulerAnglesHint: {x: 0, y: 0, z: 0}
  m_AnchorMin: {x: 0.5, y: 0.5}
  m_AnchorMax: {x: 0.5, y: 0.5}
  m_AnchoredPosition: {x: -36.5, y: -88}
  m_SizeDelta: {x: 695, y: 67}
  m_Pivot: {x: 0.5, y: 0.5}
--- !u!1 &1462463732
GameObject:
  m_ObjectHideFlags: 0
  m_PrefabParentObject: {fileID: 165730, guid: 4e9788aed9f52a04dbd77d5b652a76d0, type: 2}
  m_PrefabInternal: {fileID: 1658987596}
  serializedVersion: 5
  m_Component:
  - component: {fileID: 1462463733}
  - component: {fileID: 1462463737}
  - component: {fileID: 1462463736}
  - component: {fileID: 1462463735}
  - component: {fileID: 1462463734}
  m_Layer: 5
  m_Name: Button
  m_TagString: Untagged
  m_Icon: {fileID: 0}
  m_NavMeshLayer: 0
  m_StaticEditorFlags: 0
  m_IsActive: 1
--- !u!224 &1462463733
RectTransform:
  m_ObjectHideFlags: 0
  m_PrefabParentObject: {fileID: 22446326, guid: 4e9788aed9f52a04dbd77d5b652a76d0,
    type: 2}
  m_PrefabInternal: {fileID: 1658987596}
  m_GameObject: {fileID: 1462463732}
  m_LocalRotation: {x: 0, y: 0, z: 0, w: 1}
  m_LocalPosition: {x: 3, y: 12, z: 0}
  m_LocalScale: {x: 0.8, y: 0.8, z: 1}
  m_Children:
  - {fileID: 613029222}
  m_Father: {fileID: 1509630440}
  m_RootOrder: 2
  m_LocalEulerAnglesHint: {x: 0, y: 0, z: 0}
  m_AnchorMin: {x: 0.5, y: 0.5}
  m_AnchorMax: {x: 0.5, y: 0.5}
  m_AnchoredPosition: {x: 3, y: 12}
  m_SizeDelta: {x: 493, y: 123}
  m_Pivot: {x: 0.5, y: 0.5}
--- !u!114 &1462463734
MonoBehaviour:
  m_ObjectHideFlags: 10
  m_PrefabParentObject: {fileID: 114846339256367354, guid: 4e9788aed9f52a04dbd77d5b652a76d0,
    type: 2}
  m_PrefabInternal: {fileID: 1658987596}
  m_GameObject: {fileID: 1462463732}
  m_Enabled: 1
  m_EditorHideFlags: 0
  m_Script: {fileID: 112998890, guid: 325c5b2a7434372429c2ca9d61dba58e, type: 3}
  m_Name: 
  m_EditorClassIdentifier: 
  _guid: c9c28aa1-180a-45d2-8b28-2b89ec9a1271
--- !u!114 &1462463735
MonoBehaviour:
  m_ObjectHideFlags: 0
  m_PrefabParentObject: {fileID: 11453552, guid: 4e9788aed9f52a04dbd77d5b652a76d0,
    type: 2}
  m_PrefabInternal: {fileID: 1658987596}
  m_GameObject: {fileID: 1462463732}
  m_Enabled: 1
  m_EditorHideFlags: 0
  m_Script: {fileID: 1392445389, guid: f5f67c52d1564df4a8936ccd202a3bd8, type: 3}
  m_Name: 
  m_EditorClassIdentifier: 
  m_Navigation:
    m_Mode: 3
    m_SelectOnUp: {fileID: 0}
    m_SelectOnDown: {fileID: 0}
    m_SelectOnLeft: {fileID: 0}
    m_SelectOnRight: {fileID: 0}
  m_Transition: 1
  m_Colors:
    m_NormalColor: {r: 1, g: 1, b: 1, a: 1}
    m_HighlightedColor: {r: 0.9607843, g: 0.9607843, b: 0.9607843, a: 1}
    m_PressedColor: {r: 0.78431374, g: 0.78431374, b: 0.78431374, a: 1}
    m_DisabledColor: {r: 0.78431374, g: 0.78431374, b: 0.78431374, a: 0.5019608}
    m_ColorMultiplier: 1
    m_FadeDuration: 0.1
  m_SpriteState:
    m_HighlightedSprite: {fileID: 0}
    m_PressedSprite: {fileID: 0}
    m_DisabledSprite: {fileID: 0}
  m_AnimationTriggers:
    m_NormalTrigger: Normal
    m_HighlightedTrigger: Highlighted
    m_PressedTrigger: Pressed
    m_DisabledTrigger: Disabled
  m_Interactable: 1
  m_TargetGraphic: {fileID: 1462463736}
  m_OnClick:
    m_PersistentCalls:
      m_Calls: []
    m_TypeName: UnityEngine.UI.Button+ButtonClickedEvent, UnityEngine.UI, Version=1.0.0.0,
      Culture=neutral, PublicKeyToken=null
--- !u!114 &1462463736
MonoBehaviour:
  m_ObjectHideFlags: 0
  m_PrefabParentObject: {fileID: 11436350, guid: 4e9788aed9f52a04dbd77d5b652a76d0,
    type: 2}
  m_PrefabInternal: {fileID: 1658987596}
  m_GameObject: {fileID: 1462463732}
  m_Enabled: 1
  m_EditorHideFlags: 0
  m_Script: {fileID: -765806418, guid: f5f67c52d1564df4a8936ccd202a3bd8, type: 3}
  m_Name: 
  m_EditorClassIdentifier: 
  m_Material: {fileID: 0}
  m_Color: {r: 1, g: 1, b: 1, a: 0.7254902}
  m_RaycastTarget: 1
  m_OnCullStateChanged:
    m_PersistentCalls:
      m_Calls: []
    m_TypeName: UnityEngine.UI.MaskableGraphic+CullStateChangedEvent, UnityEngine.UI,
      Version=1.0.0.0, Culture=neutral, PublicKeyToken=null
  m_Sprite: {fileID: 21300000, guid: 76da24ca8883bf144b16b44329062408, type: 3}
  m_Type: 1
  m_PreserveAspect: 0
  m_FillCenter: 1
  m_FillMethod: 4
  m_FillAmount: 1
  m_FillClockwise: 1
  m_FillOrigin: 0
--- !u!222 &1462463737
CanvasRenderer:
  m_ObjectHideFlags: 0
  m_PrefabParentObject: {fileID: 22206340, guid: 4e9788aed9f52a04dbd77d5b652a76d0,
    type: 2}
  m_PrefabInternal: {fileID: 1658987596}
  m_GameObject: {fileID: 1462463732}
--- !u!1 &1500371475
GameObject:
  m_ObjectHideFlags: 0
  m_PrefabParentObject: {fileID: 0}
  m_PrefabInternal: {fileID: 0}
  serializedVersion: 5
  m_Component:
  - component: {fileID: 1500371479}
  - component: {fileID: 1500371478}
  - component: {fileID: 1500371477}
  - component: {fileID: 1500371476}
  m_Layer: 0
  m_Name: EventSystem
  m_TagString: Untagged
  m_Icon: {fileID: 0}
  m_NavMeshLayer: 0
  m_StaticEditorFlags: 0
  m_IsActive: 1
--- !u!114 &1500371476
MonoBehaviour:
  m_ObjectHideFlags: 0
  m_PrefabParentObject: {fileID: 0}
  m_PrefabInternal: {fileID: 0}
  m_GameObject: {fileID: 1500371475}
  m_Enabled: 1
  m_EditorHideFlags: 0
  m_Script: {fileID: 1997211142, guid: f5f67c52d1564df4a8936ccd202a3bd8, type: 3}
  m_Name: 
  m_EditorClassIdentifier: 
  m_ForceModuleActive: 0
--- !u!114 &1500371477
MonoBehaviour:
  m_ObjectHideFlags: 0
  m_PrefabParentObject: {fileID: 0}
  m_PrefabInternal: {fileID: 0}
  m_GameObject: {fileID: 1500371475}
  m_Enabled: 1
  m_EditorHideFlags: 0
  m_Script: {fileID: 1077351063, guid: f5f67c52d1564df4a8936ccd202a3bd8, type: 3}
  m_Name: 
  m_EditorClassIdentifier: 
  m_HorizontalAxis: Horizontal
  m_VerticalAxis: Vertical
  m_SubmitButton: Submit
  m_CancelButton: Cancel
  m_InputActionsPerSecond: 10
  m_RepeatDelay: 0.5
  m_ForceModuleActive: 0
--- !u!114 &1500371478
MonoBehaviour:
  m_ObjectHideFlags: 0
  m_PrefabParentObject: {fileID: 0}
  m_PrefabInternal: {fileID: 0}
  m_GameObject: {fileID: 1500371475}
  m_Enabled: 1
  m_EditorHideFlags: 0
  m_Script: {fileID: -619905303, guid: f5f67c52d1564df4a8936ccd202a3bd8, type: 3}
  m_Name: 
  m_EditorClassIdentifier: 
  m_FirstSelected: {fileID: 0}
  m_sendNavigationEvents: 1
  m_DragThreshold: 5
--- !u!4 &1500371479
Transform:
  m_ObjectHideFlags: 0
  m_PrefabParentObject: {fileID: 0}
  m_PrefabInternal: {fileID: 0}
  m_GameObject: {fileID: 1500371475}
  m_LocalRotation: {x: 0, y: 0, z: 0, w: 1}
  m_LocalPosition: {x: 0, y: 0, z: 0}
  m_LocalScale: {x: 1, y: 1, z: 1}
  m_Children: []
  m_Father: {fileID: 0}
  m_RootOrder: 1
  m_LocalEulerAnglesHint: {x: 0, y: 0, z: 0}
--- !u!1 &1509630439
GameObject:
  m_ObjectHideFlags: 0
  m_PrefabParentObject: {fileID: 196526, guid: 4e9788aed9f52a04dbd77d5b652a76d0, type: 2}
  m_PrefabInternal: {fileID: 1658987596}
  serializedVersion: 5
  m_Component:
  - component: {fileID: 1509630440}
  - component: {fileID: 1509630444}
  - component: {fileID: 1509630443}
  - component: {fileID: 1509630442}
  - component: {fileID: 1509630441}
  m_Layer: 5
  m_Name: Panel
  m_TagString: Untagged
  m_Icon: {fileID: 0}
  m_NavMeshLayer: 0
  m_StaticEditorFlags: 0
  m_IsActive: 1
--- !u!224 &1509630440
RectTransform:
  m_ObjectHideFlags: 0
  m_PrefabParentObject: {fileID: 22427006, guid: 4e9788aed9f52a04dbd77d5b652a76d0,
    type: 2}
  m_PrefabInternal: {fileID: 1658987596}
  m_GameObject: {fileID: 1509630439}
  m_LocalRotation: {x: 0, y: 0, z: 0, w: 1}
  m_LocalPosition: {x: 0, y: 0, z: 0}
  m_LocalScale: {x: 1, y: 1, z: 1}
  m_Children:
  - {fileID: 766388235}
  - {fileID: 236457802}
  - {fileID: 1462463733}
  - {fileID: 1179433764}
  - {fileID: 703289136}
  - {fileID: 1643145870}
  - {fileID: 347154952}
  m_Father: {fileID: 32401663}
  m_RootOrder: 1
  m_LocalEulerAnglesHint: {x: 0, y: 0, z: 0}
  m_AnchorMin: {x: 0.5, y: 0.5}
  m_AnchorMax: {x: 0.5, y: 0.5}
  m_AnchoredPosition: {x: 0, y: 0}
  m_SizeDelta: {x: 1920, y: 1080}
  m_Pivot: {x: 0.5, y: 0.5}
--- !u!114 &1509630441
MonoBehaviour:
  m_ObjectHideFlags: 10
  m_PrefabParentObject: {fileID: 114269795211716466, guid: 4e9788aed9f52a04dbd77d5b652a76d0,
    type: 2}
  m_PrefabInternal: {fileID: 1658987596}
  m_GameObject: {fileID: 1509630439}
  m_Enabled: 1
  m_EditorHideFlags: 0
  m_Script: {fileID: 112998890, guid: 325c5b2a7434372429c2ca9d61dba58e, type: 3}
  m_Name: 
  m_EditorClassIdentifier: 
  _guid: f6ee7ffd-b380-4a84-9ebc-43c81484f533
--- !u!114 &1509630442
MonoBehaviour:
  m_ObjectHideFlags: 0
  m_PrefabParentObject: {fileID: 11470714, guid: 4e9788aed9f52a04dbd77d5b652a76d0,
    type: 2}
  m_PrefabInternal: {fileID: 1658987596}
  m_GameObject: {fileID: 1509630439}
  m_Enabled: 1
  m_EditorHideFlags: 0
  m_Script: {fileID: -1200242548, guid: f5f67c52d1564df4a8936ccd202a3bd8, type: 3}
  m_Name: 
  m_EditorClassIdentifier: 
  m_ShowMaskGraphic: 1
--- !u!114 &1509630443
MonoBehaviour:
  m_ObjectHideFlags: 0
  m_PrefabParentObject: {fileID: 11450850, guid: 4e9788aed9f52a04dbd77d5b652a76d0,
    type: 2}
  m_PrefabInternal: {fileID: 1658987596}
  m_GameObject: {fileID: 1509630439}
  m_Enabled: 1
  m_EditorHideFlags: 0
  m_Script: {fileID: -765806418, guid: f5f67c52d1564df4a8936ccd202a3bd8, type: 3}
  m_Name: 
  m_EditorClassIdentifier: 
  m_Material: {fileID: 0}
  m_Color: {r: 0.19215687, g: 0.2, b: 0.21176471, a: 1}
  m_RaycastTarget: 1
  m_OnCullStateChanged:
    m_PersistentCalls:
      m_Calls: []
    m_TypeName: UnityEngine.UI.MaskableGraphic+CullStateChangedEvent, UnityEngine.UI,
      Version=1.0.0.0, Culture=neutral, PublicKeyToken=null
  m_Sprite: {fileID: 21300000, guid: 7ed1238760b863f4aafde32ab3a6f28c, type: 3}
  m_Type: 1
  m_PreserveAspect: 0
  m_FillCenter: 1
  m_FillMethod: 4
  m_FillAmount: 1
  m_FillClockwise: 1
  m_FillOrigin: 0
--- !u!222 &1509630444
CanvasRenderer:
  m_ObjectHideFlags: 0
  m_PrefabParentObject: {fileID: 22253426, guid: 4e9788aed9f52a04dbd77d5b652a76d0,
    type: 2}
  m_PrefabInternal: {fileID: 1658987596}
  m_GameObject: {fileID: 1509630439}
--- !u!1 &1511305452
GameObject:
  m_ObjectHideFlags: 0
  m_PrefabParentObject: {fileID: 0}
  m_PrefabInternal: {fileID: 0}
  serializedVersion: 5
  m_Component:
  - component: {fileID: 1511305453}
  m_Layer: 0
  m_Name: __SET_YOUR_GAMESCREEN_TO_1920x1080
  m_TagString: Untagged
  m_Icon: {fileID: 0}
  m_NavMeshLayer: 0
  m_StaticEditorFlags: 0
  m_IsActive: 1
--- !u!4 &1511305453
Transform:
  m_ObjectHideFlags: 0
  m_PrefabParentObject: {fileID: 0}
  m_PrefabInternal: {fileID: 0}
  m_GameObject: {fileID: 1511305452}
  m_LocalRotation: {x: 0, y: 0, z: 0, w: 1}
  m_LocalPosition: {x: 494.995, y: 627.74, z: 0}
  m_LocalScale: {x: 1, y: 1, z: 1}
  m_Children: []
  m_Father: {fileID: 0}
  m_RootOrder: 2
  m_LocalEulerAnglesHint: {x: 0, y: 0, z: 0}
--- !u!1 &1529891659
GameObject:
  m_ObjectHideFlags: 0
  m_PrefabParentObject: {fileID: 116242, guid: 4e9788aed9f52a04dbd77d5b652a76d0, type: 2}
  m_PrefabInternal: {fileID: 1658987596}
  serializedVersion: 5
  m_Component:
  - component: {fileID: 1529891660}
  - component: {fileID: 1529891663}
  - component: {fileID: 1529891662}
  - component: {fileID: 1529891661}
  m_Layer: 5
  m_Name: Text
  m_TagString: Untagged
  m_Icon: {fileID: 0}
  m_NavMeshLayer: 0
  m_StaticEditorFlags: 0
  m_IsActive: 1
--- !u!224 &1529891660
RectTransform:
  m_ObjectHideFlags: 0
  m_PrefabParentObject: {fileID: 22423876, guid: 4e9788aed9f52a04dbd77d5b652a76d0,
    type: 2}
  m_PrefabInternal: {fileID: 1658987596}
  m_GameObject: {fileID: 1529891659}
  m_LocalRotation: {x: 0, y: 0, z: 0, w: 1}
  m_LocalPosition: {x: 0.000061035156, y: -0.00012207031, z: 0}
  m_LocalScale: {x: 1, y: 1, z: 1}
  m_Children: []
  m_Father: {fileID: 1179433764}
  m_RootOrder: 0
  m_LocalEulerAnglesHint: {x: 0, y: 0, z: 0}
  m_AnchorMin: {x: 0.5, y: 0.5}
  m_AnchorMax: {x: 0.5, y: 0.5}
  m_AnchoredPosition: {x: 0.000061035, y: -0.00012207031}
  m_SizeDelta: {x: 202, y: 65}
  m_Pivot: {x: 0.5, y: 0.5}
--- !u!114 &1529891661
MonoBehaviour:
  m_ObjectHideFlags: 10
  m_PrefabParentObject: {fileID: 114792454988930166, guid: 4e9788aed9f52a04dbd77d5b652a76d0,
    type: 2}
  m_PrefabInternal: {fileID: 1658987596}
  m_GameObject: {fileID: 1529891659}
  m_Enabled: 1
  m_EditorHideFlags: 0
  m_Script: {fileID: 112998890, guid: 325c5b2a7434372429c2ca9d61dba58e, type: 3}
  m_Name: 
  m_EditorClassIdentifier: 
  _guid: 386b7fe5-319f-421f-a894-ce943d9c79a9
--- !u!114 &1529891662
MonoBehaviour:
  m_ObjectHideFlags: 0
  m_PrefabParentObject: {fileID: 11474184, guid: 4e9788aed9f52a04dbd77d5b652a76d0,
    type: 2}
  m_PrefabInternal: {fileID: 1658987596}
  m_GameObject: {fileID: 1529891659}
  m_Enabled: 1
  m_EditorHideFlags: 0
  m_Script: {fileID: 708705254, guid: f5f67c52d1564df4a8936ccd202a3bd8, type: 3}
  m_Name: 
  m_EditorClassIdentifier: 
  m_Material: {fileID: 0}
  m_Color: {r: 1, g: 1, b: 1, a: 0.6431373}
  m_RaycastTarget: 1
  m_OnCullStateChanged:
    m_PersistentCalls:
      m_Calls: []
    m_TypeName: UnityEngine.UI.MaskableGraphic+CullStateChangedEvent, UnityEngine.UI,
      Version=1.0.0.0, Culture=neutral, PublicKeyToken=null
  m_FontData:
    m_Font: {fileID: 12800000, guid: 218956a5c2a6e42d6a60afccf80b002b, type: 3}
    m_FontSize: 40
    m_FontStyle: 0
    m_BestFit: 0
    m_MinSize: 10
    m_MaxSize: 40
    m_Alignment: 4
    m_AlignByGeometry: 0
    m_RichText: 1
    m_HorizontalOverflow: 0
    m_VerticalOverflow: 0
    m_LineSpacing: 1
  m_Text: INFO
--- !u!222 &1529891663
CanvasRenderer:
  m_ObjectHideFlags: 0
  m_PrefabParentObject: {fileID: 22254638, guid: 4e9788aed9f52a04dbd77d5b652a76d0,
    type: 2}
  m_PrefabInternal: {fileID: 1658987596}
  m_GameObject: {fileID: 1529891659}
--- !u!1 &1643145869
GameObject:
  m_ObjectHideFlags: 0
  m_PrefabParentObject: {fileID: 128170, guid: 4e9788aed9f52a04dbd77d5b652a76d0, type: 2}
  m_PrefabInternal: {fileID: 1658987596}
  serializedVersion: 5
  m_Component:
  - component: {fileID: 1643145870}
  - component: {fileID: 1643145873}
  - component: {fileID: 1643145872}
  - component: {fileID: 1643145871}
  m_Layer: 5
  m_Name: Circle
  m_TagString: Untagged
  m_Icon: {fileID: 0}
  m_NavMeshLayer: 0
  m_StaticEditorFlags: 0
  m_IsActive: 1
--- !u!224 &1643145870
RectTransform:
  m_ObjectHideFlags: 0
  m_PrefabParentObject: {fileID: 22485014, guid: 4e9788aed9f52a04dbd77d5b652a76d0,
    type: 2}
  m_PrefabInternal: {fileID: 1658987596}
  m_GameObject: {fileID: 1643145869}
  m_LocalRotation: {x: 0, y: 0, z: 0, w: 1}
  m_LocalPosition: {x: -0.6000004, y: -389.8, z: 0}
  m_LocalScale: {x: 0.4, y: 0.4, z: 1}
  m_Children: []
  m_Father: {fileID: 1509630440}
  m_RootOrder: 5
  m_LocalEulerAnglesHint: {x: 0, y: 0, z: 0}
  m_AnchorMin: {x: 0.5, y: 0.5}
  m_AnchorMax: {x: 0.5, y: 0.5}
  m_AnchoredPosition: {x: -0.6, y: -389.8}
  m_SizeDelta: {x: 45, y: 44}
  m_Pivot: {x: 0.5, y: 0.5}
--- !u!114 &1643145871
MonoBehaviour:
  m_ObjectHideFlags: 10
  m_PrefabParentObject: {fileID: 114399358886267286, guid: 4e9788aed9f52a04dbd77d5b652a76d0,
    type: 2}
  m_PrefabInternal: {fileID: 1658987596}
  m_GameObject: {fileID: 1643145869}
  m_Enabled: 1
  m_EditorHideFlags: 0
  m_Script: {fileID: 112998890, guid: 325c5b2a7434372429c2ca9d61dba58e, type: 3}
  m_Name: 
  m_EditorClassIdentifier: 
  _guid: 0c06d9de-a63d-4259-b54d-6fadccc01451
--- !u!114 &1643145872
MonoBehaviour:
  m_ObjectHideFlags: 0
  m_PrefabParentObject: {fileID: 11409976, guid: 4e9788aed9f52a04dbd77d5b652a76d0,
    type: 2}
  m_PrefabInternal: {fileID: 1658987596}
  m_GameObject: {fileID: 1643145869}
  m_Enabled: 1
  m_EditorHideFlags: 0
  m_Script: {fileID: -765806418, guid: f5f67c52d1564df4a8936ccd202a3bd8, type: 3}
  m_Name: 
  m_EditorClassIdentifier: 
  m_Material: {fileID: 0}
  m_Color: {r: 1, g: 1, b: 1, a: 0.3254902}
  m_RaycastTarget: 1
  m_OnCullStateChanged:
    m_PersistentCalls:
      m_Calls: []
    m_TypeName: UnityEngine.UI.MaskableGraphic+CullStateChangedEvent, UnityEngine.UI,
      Version=1.0.0.0, Culture=neutral, PublicKeyToken=null
  m_Sprite: {fileID: 21300000, guid: f04f7faa5cfd8444a9b61e426135725f, type: 3}
  m_Type: 0
  m_PreserveAspect: 0
  m_FillCenter: 1
  m_FillMethod: 4
  m_FillAmount: 1
  m_FillClockwise: 1
  m_FillOrigin: 0
--- !u!222 &1643145873
CanvasRenderer:
  m_ObjectHideFlags: 0
  m_PrefabParentObject: {fileID: 22275990, guid: 4e9788aed9f52a04dbd77d5b652a76d0,
    type: 2}
  m_PrefabInternal: {fileID: 1658987596}
  m_GameObject: {fileID: 1643145869}
--- !u!1001 &1658987596
Prefab:
  m_ObjectHideFlags: 0
  serializedVersion: 2
  m_Modification:
    m_TransformParent: {fileID: 0}
    m_Modifications:
    - target: {fileID: 22462612, guid: 4e9788aed9f52a04dbd77d5b652a76d0, type: 2}
      propertyPath: m_LocalPosition.x
      value: 480
      objectReference: {fileID: 0}
    - target: {fileID: 22462612, guid: 4e9788aed9f52a04dbd77d5b652a76d0, type: 2}
      propertyPath: m_LocalPosition.y
      value: 320
      objectReference: {fileID: 0}
    - target: {fileID: 22462612, guid: 4e9788aed9f52a04dbd77d5b652a76d0, type: 2}
      propertyPath: m_LocalPosition.z
      value: 0
      objectReference: {fileID: 0}
    - target: {fileID: 22462612, guid: 4e9788aed9f52a04dbd77d5b652a76d0, type: 2}
      propertyPath: m_LocalRotation.x
      value: 0
      objectReference: {fileID: 0}
    - target: {fileID: 22462612, guid: 4e9788aed9f52a04dbd77d5b652a76d0, type: 2}
      propertyPath: m_LocalRotation.y
      value: 0
      objectReference: {fileID: 0}
    - target: {fileID: 22462612, guid: 4e9788aed9f52a04dbd77d5b652a76d0, type: 2}
      propertyPath: m_LocalRotation.z
      value: 0
      objectReference: {fileID: 0}
    - target: {fileID: 22462612, guid: 4e9788aed9f52a04dbd77d5b652a76d0, type: 2}
      propertyPath: m_LocalRotation.w
      value: 1
      objectReference: {fileID: 0}
    - target: {fileID: 22462612, guid: 4e9788aed9f52a04dbd77d5b652a76d0, type: 2}
      propertyPath: m_RootOrder
      value: 0
      objectReference: {fileID: 0}
    - target: {fileID: 22462612, guid: 4e9788aed9f52a04dbd77d5b652a76d0, type: 2}
      propertyPath: m_AnchoredPosition.x
      value: 0
      objectReference: {fileID: 0}
    - target: {fileID: 22462612, guid: 4e9788aed9f52a04dbd77d5b652a76d0, type: 2}
      propertyPath: m_AnchoredPosition.y
      value: 0
      objectReference: {fileID: 0}
    - target: {fileID: 22462612, guid: 4e9788aed9f52a04dbd77d5b652a76d0, type: 2}
      propertyPath: m_SizeDelta.x
      value: 0
      objectReference: {fileID: 0}
    - target: {fileID: 22462612, guid: 4e9788aed9f52a04dbd77d5b652a76d0, type: 2}
      propertyPath: m_SizeDelta.y
      value: 0
      objectReference: {fileID: 0}
    - target: {fileID: 22462612, guid: 4e9788aed9f52a04dbd77d5b652a76d0, type: 2}
      propertyPath: m_AnchorMin.x
      value: 0
      objectReference: {fileID: 0}
    - target: {fileID: 22462612, guid: 4e9788aed9f52a04dbd77d5b652a76d0, type: 2}
      propertyPath: m_AnchorMin.y
      value: 0
      objectReference: {fileID: 0}
    - target: {fileID: 22462612, guid: 4e9788aed9f52a04dbd77d5b652a76d0, type: 2}
      propertyPath: m_AnchorMax.x
      value: 0
      objectReference: {fileID: 0}
    - target: {fileID: 22462612, guid: 4e9788aed9f52a04dbd77d5b652a76d0, type: 2}
      propertyPath: m_AnchorMax.y
      value: 0
      objectReference: {fileID: 0}
    - target: {fileID: 22462612, guid: 4e9788aed9f52a04dbd77d5b652a76d0, type: 2}
      propertyPath: m_Pivot.x
      value: 0
      objectReference: {fileID: 0}
    - target: {fileID: 22462612, guid: 4e9788aed9f52a04dbd77d5b652a76d0, type: 2}
      propertyPath: m_Pivot.y
      value: 0
      objectReference: {fileID: 0}
    m_RemovedComponents: []
  m_ParentPrefab: {fileID: 100100000, guid: 4e9788aed9f52a04dbd77d5b652a76d0, type: 2}
  m_RootGameObject: {fileID: 32401657}
  m_IsPrefabParent: 0
