%YAML 1.1
%TAG !u! tag:unity3d.com,2011:
--- !u!29 &1
OcclusionCullingSettings:
  m_ObjectHideFlags: 0
  serializedVersion: 2
  m_OcclusionBakeSettings:
    smallestOccluder: 5
    smallestHole: 0.25
    backfaceThreshold: 100
  m_SceneGUID: 00000000000000000000000000000000
  m_OcclusionCullingData: {fileID: 0}
--- !u!104 &2
RenderSettings:
  m_ObjectHideFlags: 0
  serializedVersion: 8
  m_Fog: 0
  m_FogColor: {r: 0.5, g: 0.5, b: 0.5, a: 1}
  m_FogMode: 3
  m_FogDensity: 0.01
  m_LinearFogStart: 0
  m_LinearFogEnd: 300
  m_AmbientSkyColor: {r: 0.212, g: 0.227, b: 0.259, a: 1}
  m_AmbientEquatorColor: {r: 0.114, g: 0.125, b: 0.133, a: 1}
  m_AmbientGroundColor: {r: 0.047, g: 0.043, b: 0.035, a: 1}
  m_AmbientIntensity: 1
  m_AmbientMode: 0
  m_SubtractiveShadowColor: {r: 0.42, g: 0.478, b: 0.627, a: 1}
  m_SkyboxMaterial: {fileID: 10304, guid: 0000000000000000f000000000000000, type: 0}
  m_HaloStrength: 0.5
  m_FlareStrength: 1
  m_FlareFadeSpeed: 3
  m_HaloTexture: {fileID: 0}
  m_SpotCookie: {fileID: 10001, guid: 0000000000000000e000000000000000, type: 0}
  m_DefaultReflectionMode: 0
  m_DefaultReflectionResolution: 128
  m_ReflectionBounces: 1
  m_ReflectionIntensity: 1
  m_CustomReflection: {fileID: 0}
  m_Sun: {fileID: 0}
  m_IndirectSpecularColor: {r: 0, g: 0, b: 0, a: 1}
--- !u!157 &4
LightmapSettings:
  m_ObjectHideFlags: 0
  serializedVersion: 11
  m_GIWorkflowMode: 0
  m_GISettings:
    serializedVersion: 2
    m_BounceScale: 1
    m_IndirectOutputScale: 1
    m_AlbedoBoost: 1
    m_TemporalCoherenceThreshold: 1
    m_EnvironmentLightingMode: 0
    m_EnableBakedLightmaps: 1
    m_EnableRealtimeLightmaps: 1
  m_LightmapEditorSettings:
    serializedVersion: 9
    m_Resolution: 2
    m_BakeResolution: 40
    m_TextureWidth: 1024
    m_TextureHeight: 1024
    m_AO: 0
    m_AOMaxDistance: 1
    m_CompAOExponent: 0
    m_CompAOExponentDirect: 0
    m_Padding: 2
    m_LightmapParameters: {fileID: 0}
    m_LightmapsBakeMode: 1
    m_TextureCompression: 1
    m_FinalGather: 0
    m_FinalGatherFiltering: 1
    m_FinalGatherRayCount: 1024
    m_ReflectionCompression: 2
    m_MixedBakeMode: 1
    m_BakeBackend: 0
    m_PVRSampling: 1
    m_PVRDirectSampleCount: 32
    m_PVRSampleCount: 500
    m_PVRBounces: 2
    m_PVRFilterTypeDirect: 0
    m_PVRFilterTypeIndirect: 0
    m_PVRFilterTypeAO: 0
    m_PVRFilteringMode: 0
    m_PVRCulling: 1
    m_PVRFilteringGaussRadiusDirect: 1
    m_PVRFilteringGaussRadiusIndirect: 5
    m_PVRFilteringGaussRadiusAO: 2
    m_PVRFilteringAtrousPositionSigmaDirect: 0.5
    m_PVRFilteringAtrousPositionSigmaIndirect: 2
    m_PVRFilteringAtrousPositionSigmaAO: 1
  m_LightingDataAsset: {fileID: 0}
  m_UseShadowmask: 0
--- !u!196 &5
NavMeshSettings:
  serializedVersion: 2
  m_ObjectHideFlags: 0
  m_BuildSettings:
    serializedVersion: 2
    agentTypeID: 0
    agentRadius: 0.5
    agentHeight: 2
    agentSlope: 45
    agentClimb: 0.4
    ledgeDropHeight: 0
    maxJumpAcrossDistance: 0
    minRegionArea: 2
    manualCellSize: 0
    cellSize: 0.16666667
    manualTileSize: 0
    tileSize: 256
    accuratePlacement: 0
    debug:
      m_Flags: 0
  m_NavMeshData: {fileID: 0}
--- !u!1 &28268321
GameObject:
  m_ObjectHideFlags: 0
  m_PrefabParentObject: {fileID: 139464, guid: 3f8615137dfc6174893f350ef2e99f11, type: 2}
  m_PrefabInternal: {fileID: 206315673}
  serializedVersion: 5
  m_Component:
  - component: {fileID: 28268327}
  - component: {fileID: 28268326}
  - component: {fileID: 28268325}
  - component: {fileID: 28268324}
  - component: {fileID: 28268323}
  - component: {fileID: 28268322}
  m_Layer: 5
  m_Name: WeatherApp
  m_TagString: Untagged
  m_Icon: {fileID: 0}
  m_NavMeshLayer: 0
  m_StaticEditorFlags: 0
  m_IsActive: 1
--- !u!114 &28268322
MonoBehaviour:
  m_ObjectHideFlags: 10
  m_PrefabParentObject: {fileID: 114130694973248082, guid: 3f8615137dfc6174893f350ef2e99f11,
    type: 2}
  m_PrefabInternal: {fileID: 206315673}
  m_GameObject: {fileID: 28268321}
  m_Enabled: 1
  m_EditorHideFlags: 0
  m_Script: {fileID: 112998890, guid: 325c5b2a7434372429c2ca9d61dba58e, type: 3}
  m_Name: 
  m_EditorClassIdentifier: 
  _guid: 0784f38b-f6af-449f-9cce-cd587e1dd8d0
--- !u!114 &28268323
MonoBehaviour:
  m_ObjectHideFlags: 10
  m_PrefabParentObject: {fileID: 114724515429086632, guid: 3f8615137dfc6174893f350ef2e99f11,
    type: 2}
  m_PrefabInternal: {fileID: 206315673}
  m_GameObject: {fileID: 28268321}
  m_Enabled: 1
  m_EditorHideFlags: 0
  m_Script: {fileID: -605777808, guid: 325c5b2a7434372429c2ca9d61dba58e, type: 3}
  m_Name: 
  m_EditorClassIdentifier: 
  _isConnected: 1
  _guid: 
  _referenceCollection:
    _collection:
    - {fileID: 28268321}
    - {fileID: 55295309}
    - {fileID: 900388922}
    - {fileID: 583651926}
    - {fileID: 1637275057}
    - {fileID: 846234870}
    - {fileID: 123867871}
    - {fileID: 2007402306}
    - {fileID: 1180875499}
    - {fileID: 1973944804}
    - {fileID: 80645974}
    - {fileID: 305424421}
    - {fileID: 1679486054}
    - {fileID: 98470194}
    - {fileID: 967174460}
    - {fileID: 886591504}
    - {fileID: 1147451439}
    - {fileID: 63434778}
    - {fileID: 1963925480}
    - {fileID: 317477919}
    - {fileID: 1522771169}
    - {fileID: 1732390812}
    - {fileID: 481256823}
    - {fileID: 1585630394}
    - {fileID: 400907070}
  _assetGuid: 3f8615137dfc6174893f350ef2e99f11
--- !u!114 &28268324
MonoBehaviour:
  m_ObjectHideFlags: 0
  m_PrefabParentObject: {fileID: 11427196, guid: 3f8615137dfc6174893f350ef2e99f11,
    type: 2}
  m_PrefabInternal: {fileID: 206315673}
  m_GameObject: {fileID: 28268321}
  m_Enabled: 1
  m_EditorHideFlags: 0
  m_Script: {fileID: 1301386320, guid: f5f67c52d1564df4a8936ccd202a3bd8, type: 3}
  m_Name: 
  m_EditorClassIdentifier: 
  m_IgnoreReversedGraphics: 1
  m_BlockingObjects: 0
  m_BlockingMask:
    serializedVersion: 2
    m_Bits: 4294967295
--- !u!114 &28268325
MonoBehaviour:
  m_ObjectHideFlags: 0
  m_PrefabParentObject: {fileID: 11449582, guid: 3f8615137dfc6174893f350ef2e99f11,
    type: 2}
  m_PrefabInternal: {fileID: 206315673}
  m_GameObject: {fileID: 28268321}
  m_Enabled: 1
  m_EditorHideFlags: 0
  m_Script: {fileID: 1980459831, guid: f5f67c52d1564df4a8936ccd202a3bd8, type: 3}
  m_Name: 
  m_EditorClassIdentifier: 
  m_UiScaleMode: 1
  m_ReferencePixelsPerUnit: 100
  m_ScaleFactor: 1
  m_ReferenceResolution: {x: 1920, y: 1080}
  m_ScreenMatchMode: 0
  m_MatchWidthOrHeight: 0
  m_PhysicalUnit: 3
  m_FallbackScreenDPI: 96
  m_DefaultSpriteDPI: 96
  m_DynamicPixelsPerUnit: 1
--- !u!223 &28268326
Canvas:
  m_ObjectHideFlags: 0
  m_PrefabParentObject: {fileID: 22366332, guid: 3f8615137dfc6174893f350ef2e99f11,
    type: 2}
  m_PrefabInternal: {fileID: 206315673}
  m_GameObject: {fileID: 28268321}
  m_Enabled: 1
  serializedVersion: 3
  m_RenderMode: 0
  m_Camera: {fileID: 0}
  m_PlaneDistance: 100
  m_PixelPerfect: 1
  m_ReceivesEvents: 1
  m_OverrideSorting: 0
  m_OverridePixelPerfect: 0
  m_SortingBucketNormalizedSize: 0
  m_AdditionalShaderChannelsFlag: 25
  m_SortingLayerID: 0
  m_SortingOrder: 0
  m_TargetDisplay: 0
--- !u!224 &28268327
RectTransform:
  m_ObjectHideFlags: 0
  m_PrefabParentObject: {fileID: 22415466, guid: 3f8615137dfc6174893f350ef2e99f11,
    type: 2}
  m_PrefabInternal: {fileID: 206315673}
  m_GameObject: {fileID: 28268321}
  m_LocalRotation: {x: 0, y: 0, z: 0, w: 1}
  m_LocalPosition: {x: 480, y: 320, z: 0}
  m_LocalScale: {x: 0.5, y: 0.5, z: 0.5}
  m_Children:
  - {fileID: 55295310}
  - {fileID: 583651927}
  m_Father: {fileID: 0}
  m_RootOrder: 0
  m_LocalEulerAnglesHint: {x: 0, y: 0, z: 0}
  m_AnchorMin: {x: 0, y: 0}
  m_AnchorMax: {x: 0, y: 0}
  m_AnchoredPosition: {x: 480, y: 320}
  m_SizeDelta: {x: 1920, y: 1280}
  m_Pivot: {x: 0.5, y: 0.5}
--- !u!1 &55295309
GameObject:
  m_ObjectHideFlags: 0
  m_PrefabParentObject: {fileID: 135404, guid: 3f8615137dfc6174893f350ef2e99f11, type: 2}
  m_PrefabInternal: {fileID: 206315673}
  serializedVersion: 5
  m_Component:
  - component: {fileID: 55295310}
  - component: {fileID: 55295313}
  - component: {fileID: 55295312}
  - component: {fileID: 55295311}
  m_Layer: 5
  m_Name: AppTitle
  m_TagString: Untagged
  m_Icon: {fileID: 0}
  m_NavMeshLayer: 0
  m_StaticEditorFlags: 0
  m_IsActive: 1
--- !u!224 &55295310
RectTransform:
  m_ObjectHideFlags: 0
  m_PrefabParentObject: {fileID: 22496000, guid: 3f8615137dfc6174893f350ef2e99f11,
    type: 2}
  m_PrefabInternal: {fileID: 206315673}
  m_GameObject: {fileID: 55295309}
  m_LocalRotation: {x: 0, y: 0, z: 0, w: 1}
  m_LocalPosition: {x: -576, y: 650, z: 0}
  m_LocalScale: {x: 1, y: 1, z: 1}
  m_Children:
  - {fileID: 900388926}
  m_Father: {fileID: 28268327}
  m_RootOrder: 0
  m_LocalEulerAnglesHint: {x: 0, y: 0, z: 0}
  m_AnchorMin: {x: 0.5, y: 0.5}
  m_AnchorMax: {x: 0.5, y: 0.5}
  m_AnchoredPosition: {x: -576, y: 650}
  m_SizeDelta: {x: 768, y: 109}
  m_Pivot: {x: 0.5, y: 0.5}
--- !u!114 &55295311
MonoBehaviour:
  m_ObjectHideFlags: 10
  m_PrefabParentObject: {fileID: 114114059861079726, guid: 3f8615137dfc6174893f350ef2e99f11,
    type: 2}
  m_PrefabInternal: {fileID: 206315673}
  m_GameObject: {fileID: 55295309}
  m_Enabled: 1
  m_EditorHideFlags: 0
  m_Script: {fileID: 112998890, guid: 325c5b2a7434372429c2ca9d61dba58e, type: 3}
  m_Name: 
  m_EditorClassIdentifier: 
  _guid: 3bec68de-ad0f-48f9-8cea-d4ee0fdf04f7
--- !u!114 &55295312
MonoBehaviour:
  m_ObjectHideFlags: 0
  m_PrefabParentObject: {fileID: 11433148, guid: 3f8615137dfc6174893f350ef2e99f11,
    type: 2}
  m_PrefabInternal: {fileID: 206315673}
  m_GameObject: {fileID: 55295309}
  m_Enabled: 1
  m_EditorHideFlags: 0
  m_Script: {fileID: 708705254, guid: f5f67c52d1564df4a8936ccd202a3bd8, type: 3}
  m_Name: 
  m_EditorClassIdentifier: 
  m_Material: {fileID: 0}
  m_Color: {r: 0.85490197, g: 0.85490197, b: 0.85490197, a: 1}
  m_RaycastTarget: 1
  m_OnCullStateChanged:
    m_PersistentCalls:
      m_Calls: []
    m_TypeName: UnityEngine.UI.MaskableGraphic+CullStateChangedEvent, UnityEngine.UI,
      Version=1.0.0.0, Culture=neutral, PublicKeyToken=null
  m_FontData:
    m_Font: {fileID: 12800000, guid: 218956a5c2a6e42d6a60afccf80b002b, type: 3}
    m_FontSize: 102
    m_FontStyle: 0
    m_BestFit: 0
    m_MinSize: 10
    m_MaxSize: 102
    m_Alignment: 0
    m_AlignByGeometry: 0
    m_RichText: 1
    m_HorizontalOverflow: 0
    m_VerticalOverflow: 1
    m_LineSpacing: 1
  m_Text: WEATHER
--- !u!222 &55295313
CanvasRenderer:
  m_ObjectHideFlags: 0
  m_PrefabParentObject: {fileID: 22210740, guid: 3f8615137dfc6174893f350ef2e99f11,
    type: 2}
  m_PrefabInternal: {fileID: 206315673}
  m_GameObject: {fileID: 55295309}
--- !u!1 &63434778
GameObject:
  m_ObjectHideFlags: 0
  m_PrefabParentObject: {fileID: 113638, guid: 3f8615137dfc6174893f350ef2e99f11, type: 2}
  m_PrefabInternal: {fileID: 206315673}
  serializedVersion: 5
  m_Component:
  - component: {fileID: 63434779}
  - component: {fileID: 63434782}
  - component: {fileID: 63434781}
  - component: {fileID: 63434780}
  m_Layer: 5
  m_Name: Text
  m_TagString: Untagged
  m_Icon: {fileID: 0}
  m_NavMeshLayer: 0
  m_StaticEditorFlags: 0
  m_IsActive: 1
--- !u!224 &63434779
RectTransform:
  m_ObjectHideFlags: 0
  m_PrefabParentObject: {fileID: 22452850, guid: 3f8615137dfc6174893f350ef2e99f11,
    type: 2}
  m_PrefabInternal: {fileID: 206315673}
  m_GameObject: {fileID: 63434778}
  m_LocalRotation: {x: 0, y: 0, z: 0, w: 1}
  m_LocalPosition: {x: 420, y: -31, z: 0}
  m_LocalScale: {x: 1, y: 1, z: 1}
  m_Children: []
  m_Father: {fileID: 123867872}
  m_RootOrder: 10
  m_LocalEulerAnglesHint: {x: 0, y: 0, z: 0}
  m_AnchorMin: {x: 0.5, y: 0.5}
  m_AnchorMax: {x: 0.5, y: 0.5}
  m_AnchoredPosition: {x: 420, y: -31}
  m_SizeDelta: {x: 78, y: 44}
  m_Pivot: {x: 0.5, y: 0.5}
--- !u!114 &63434780
MonoBehaviour:
  m_ObjectHideFlags: 10
  m_PrefabParentObject: {fileID: 114970924913089362, guid: 3f8615137dfc6174893f350ef2e99f11,
    type: 2}
  m_PrefabInternal: {fileID: 206315673}
  m_GameObject: {fileID: 63434778}
  m_Enabled: 1
  m_EditorHideFlags: 0
  m_Script: {fileID: 112998890, guid: 325c5b2a7434372429c2ca9d61dba58e, type: 3}
  m_Name: 
  m_EditorClassIdentifier: 
  _guid: 78f7d487-a41c-4d4d-9853-ab9d2f2ce185
--- !u!114 &63434781
MonoBehaviour:
  m_ObjectHideFlags: 0
  m_PrefabParentObject: {fileID: 11470858, guid: 3f8615137dfc6174893f350ef2e99f11,
    type: 2}
  m_PrefabInternal: {fileID: 206315673}
  m_GameObject: {fileID: 63434778}
  m_Enabled: 1
  m_EditorHideFlags: 0
  m_Script: {fileID: 708705254, guid: f5f67c52d1564df4a8936ccd202a3bd8, type: 3}
  m_Name: 
  m_EditorClassIdentifier: 
  m_Material: {fileID: 0}
  m_Color: {r: 1, g: 1, b: 1, a: 0.6862745}
  m_RaycastTarget: 1
  m_OnCullStateChanged:
    m_PersistentCalls:
      m_Calls: []
    m_TypeName: UnityEngine.UI.MaskableGraphic+CullStateChangedEvent, UnityEngine.UI,
      Version=1.0.0.0, Culture=neutral, PublicKeyToken=null
  m_FontData:
    m_Font: {fileID: 12800000, guid: 0302b41c1bd344c75aa27df81f317832, type: 3}
    m_FontSize: 30
    m_FontStyle: 0
    m_BestFit: 0
    m_MinSize: 10
    m_MaxSize: 40
    m_Alignment: 1
    m_AlignByGeometry: 0
    m_RichText: 1
    m_HorizontalOverflow: 0
    m_VerticalOverflow: 0
    m_LineSpacing: 1
  m_Text: "80\u02DA"
--- !u!222 &63434782
CanvasRenderer:
  m_ObjectHideFlags: 0
  m_PrefabParentObject: {fileID: 22204378, guid: 3f8615137dfc6174893f350ef2e99f11,
    type: 2}
  m_PrefabInternal: {fileID: 206315673}
  m_GameObject: {fileID: 63434778}
--- !u!1 &80645974
GameObject:
  m_ObjectHideFlags: 0
  m_PrefabParentObject: {fileID: 156826, guid: 3f8615137dfc6174893f350ef2e99f11, type: 2}
  m_PrefabInternal: {fileID: 206315673}
  serializedVersion: 5
  m_Component:
  - component: {fileID: 80645975}
  - component: {fileID: 80645978}
  - component: {fileID: 80645977}
  - component: {fileID: 80645976}
  m_Layer: 5
  m_Name: Icon
  m_TagString: Untagged
  m_Icon: {fileID: 0}
  m_NavMeshLayer: 0
  m_StaticEditorFlags: 0
  m_IsActive: 1
--- !u!224 &80645975
RectTransform:
  m_ObjectHideFlags: 0
  m_PrefabParentObject: {fileID: 22498386, guid: 3f8615137dfc6174893f350ef2e99f11,
    type: 2}
  m_PrefabInternal: {fileID: 206315673}
  m_GameObject: {fileID: 80645974}
  m_LocalRotation: {x: 0, y: 0, z: 0, w: 1}
  m_LocalPosition: {x: -420, y: 72, z: 0}
  m_LocalScale: {x: 1, y: 1, z: 1}
  m_Children: []
  m_Father: {fileID: 123867872}
  m_RootOrder: 3
  m_LocalEulerAnglesHint: {x: 0, y: 0, z: 0}
  m_AnchorMin: {x: 0.5, y: 0.5}
  m_AnchorMax: {x: 0.5, y: 0.5}
  m_AnchoredPosition: {x: -420, y: 72}
  m_SizeDelta: {x: 110, y: 96}
  m_Pivot: {x: 0.5, y: 0.5}
--- !u!114 &80645976
MonoBehaviour:
  m_ObjectHideFlags: 10
  m_PrefabParentObject: {fileID: 114865489996697108, guid: 3f8615137dfc6174893f350ef2e99f11,
    type: 2}
  m_PrefabInternal: {fileID: 206315673}
  m_GameObject: {fileID: 80645974}
  m_Enabled: 1
  m_EditorHideFlags: 0
  m_Script: {fileID: 112998890, guid: 325c5b2a7434372429c2ca9d61dba58e, type: 3}
  m_Name: 
  m_EditorClassIdentifier: 
  _guid: 101f1c73-2255-463d-876c-846b85b7d8c3
--- !u!114 &80645977
MonoBehaviour:
  m_ObjectHideFlags: 0
  m_PrefabParentObject: {fileID: 11471406, guid: 3f8615137dfc6174893f350ef2e99f11,
    type: 2}
  m_PrefabInternal: {fileID: 206315673}
  m_GameObject: {fileID: 80645974}
  m_Enabled: 1
  m_EditorHideFlags: 0
  m_Script: {fileID: -765806418, guid: f5f67c52d1564df4a8936ccd202a3bd8, type: 3}
  m_Name: 
  m_EditorClassIdentifier: 
  m_Material: {fileID: 0}
  m_Color: {r: 1, g: 1, b: 1, a: 0.6862745}
  m_RaycastTarget: 1
  m_OnCullStateChanged:
    m_PersistentCalls:
      m_Calls: []
    m_TypeName: UnityEngine.UI.MaskableGraphic+CullStateChangedEvent, UnityEngine.UI,
      Version=1.0.0.0, Culture=neutral, PublicKeyToken=null
  m_Sprite: {fileID: 21300000, guid: 28a3fcd21a6eb8f4897860d664de0b0d, type: 3}
  m_Type: 0
  m_PreserveAspect: 0
  m_FillCenter: 1
  m_FillMethod: 4
  m_FillAmount: 1
  m_FillClockwise: 1
  m_FillOrigin: 0
--- !u!222 &80645978
CanvasRenderer:
  m_ObjectHideFlags: 0
  m_PrefabParentObject: {fileID: 22223156, guid: 3f8615137dfc6174893f350ef2e99f11,
    type: 2}
  m_PrefabInternal: {fileID: 206315673}
  m_GameObject: {fileID: 80645974}
--- !u!1 &98470194
GameObject:
  m_ObjectHideFlags: 0
  m_PrefabParentObject: {fileID: 182898, guid: 3f8615137dfc6174893f350ef2e99f11, type: 2}
  m_PrefabInternal: {fileID: 206315673}
  serializedVersion: 5
  m_Component:
  - component: {fileID: 98470195}
  - component: {fileID: 98470198}
  - component: {fileID: 98470197}
  - component: {fileID: 98470196}
  m_Layer: 5
  m_Name: Text
  m_TagString: Untagged
  m_Icon: {fileID: 0}
  m_NavMeshLayer: 0
  m_StaticEditorFlags: 0
  m_IsActive: 1
--- !u!224 &98470195
RectTransform:
  m_ObjectHideFlags: 0
  m_PrefabParentObject: {fileID: 22446906, guid: 3f8615137dfc6174893f350ef2e99f11,
    type: 2}
  m_PrefabInternal: {fileID: 206315673}
  m_GameObject: {fileID: 98470194}
  m_LocalRotation: {x: 0, y: 0, z: 0, w: 1}
  m_LocalPosition: {x: -212, y: 155, z: 0}
  m_LocalScale: {x: 1, y: 1, z: 1}
  m_Children: []
  m_Father: {fileID: 123867872}
  m_RootOrder: 6
  m_LocalEulerAnglesHint: {x: 0, y: 0, z: 0}
  m_AnchorMin: {x: 0.5, y: 0.5}
  m_AnchorMax: {x: 0.5, y: 0.5}
  m_AnchoredPosition: {x: -212, y: 155}
  m_SizeDelta: {x: 78, y: 44}
  m_Pivot: {x: 0.5, y: 0.5}
--- !u!114 &98470196
MonoBehaviour:
  m_ObjectHideFlags: 10
  m_PrefabParentObject: {fileID: 114086770189401854, guid: 3f8615137dfc6174893f350ef2e99f11,
    type: 2}
  m_PrefabInternal: {fileID: 206315673}
  m_GameObject: {fileID: 98470194}
  m_Enabled: 1
  m_EditorHideFlags: 0
  m_Script: {fileID: 112998890, guid: 325c5b2a7434372429c2ca9d61dba58e, type: 3}
  m_Name: 
  m_EditorClassIdentifier: 
  _guid: 2de7d911-368d-44e4-80c4-d32e7e2f6198
--- !u!114 &98470197
MonoBehaviour:
  m_ObjectHideFlags: 0
  m_PrefabParentObject: {fileID: 11473464, guid: 3f8615137dfc6174893f350ef2e99f11,
    type: 2}
  m_PrefabInternal: {fileID: 206315673}
  m_GameObject: {fileID: 98470194}
  m_Enabled: 1
  m_EditorHideFlags: 0
  m_Script: {fileID: 708705254, guid: f5f67c52d1564df4a8936ccd202a3bd8, type: 3}
  m_Name: 
  m_EditorClassIdentifier: 
  m_Material: {fileID: 0}
  m_Color: {r: 1, g: 1, b: 1, a: 0.6862745}
  m_RaycastTarget: 1
  m_OnCullStateChanged:
    m_PersistentCalls:
      m_Calls: []
    m_TypeName: UnityEngine.UI.MaskableGraphic+CullStateChangedEvent, UnityEngine.UI,
      Version=1.0.0.0, Culture=neutral, PublicKeyToken=null
  m_FontData:
    m_Font: {fileID: 12800000, guid: 7dfc2e1472ac84e1bb749a8a9f934483, type: 3}
    m_FontSize: 22
    m_FontStyle: 0
    m_BestFit: 0
    m_MinSize: 10
    m_MaxSize: 40
    m_Alignment: 1
    m_AlignByGeometry: 0
    m_RichText: 1
    m_HorizontalOverflow: 0
    m_VerticalOverflow: 0
    m_LineSpacing: 1
  m_Text: tue
--- !u!222 &98470198
CanvasRenderer:
  m_ObjectHideFlags: 0
  m_PrefabParentObject: {fileID: 22200536, guid: 3f8615137dfc6174893f350ef2e99f11,
    type: 2}
  m_PrefabInternal: {fileID: 206315673}
  m_GameObject: {fileID: 98470194}
--- !u!1 &123867871
GameObject:
  m_ObjectHideFlags: 0
  m_PrefabParentObject: {fileID: 139064, guid: 3f8615137dfc6174893f350ef2e99f11, type: 2}
  m_PrefabInternal: {fileID: 206315673}
  serializedVersion: 5
  m_Component:
  - component: {fileID: 123867872}
  - component: {fileID: 123867873}
  m_Layer: 5
  m_Name: WeatherInfo
  m_TagString: Untagged
  m_Icon: {fileID: 0}
  m_NavMeshLayer: 0
  m_StaticEditorFlags: 0
  m_IsActive: 1
--- !u!224 &123867872
RectTransform:
  m_ObjectHideFlags: 0
  m_PrefabParentObject: {fileID: 22498084, guid: 3f8615137dfc6174893f350ef2e99f11,
    type: 2}
  m_PrefabInternal: {fileID: 206315673}
  m_GameObject: {fileID: 123867871}
  m_LocalRotation: {x: 0, y: 0, z: 0, w: 1}
  m_LocalPosition: {x: -0.25, y: -340, z: 0}
  m_LocalScale: {x: 1, y: 1, z: 1}
  m_Children:
  - {fileID: 2007402307}
  - {fileID: 1180875500}
  - {fileID: 1973944805}
  - {fileID: 80645975}
  - {fileID: 305424422}
  - {fileID: 1679486055}
  - {fileID: 98470195}
  - {fileID: 967174461}
  - {fileID: 886591505}
  - {fileID: 1147451440}
  - {fileID: 63434779}
  - {fileID: 1963925481}
  - {fileID: 317477920}
  - {fileID: 1522771170}
  - {fileID: 1732390813}
  m_Father: {fileID: 583651927}
  m_RootOrder: 1
  m_LocalEulerAnglesHint: {x: 0, y: 0, z: 0}
  m_AnchorMin: {x: 0.5, y: 0.5}
  m_AnchorMax: {x: 0.5, y: 0.5}
  m_AnchoredPosition: {x: -0.25, y: -340}
  m_SizeDelta: {x: 1536, y: 349}
  m_Pivot: {x: 0.5, y: 0.5}
--- !u!114 &123867873
MonoBehaviour:
  m_ObjectHideFlags: 10
  m_PrefabParentObject: {fileID: 114808719005960176, guid: 3f8615137dfc6174893f350ef2e99f11,
    type: 2}
  m_PrefabInternal: {fileID: 206315673}
  m_GameObject: {fileID: 123867871}
  m_Enabled: 1
  m_EditorHideFlags: 0
  m_Script: {fileID: 112998890, guid: 325c5b2a7434372429c2ca9d61dba58e, type: 3}
  m_Name: 
  m_EditorClassIdentifier: 
  _guid: ef4d93bc-836e-4564-a18d-039ad4f259a8
--- !u!1001 &206315673
Prefab:
  m_ObjectHideFlags: 0
  serializedVersion: 2
  m_Modification:
    m_TransformParent: {fileID: 0}
    m_Modifications:
    - target: {fileID: 22415466, guid: 3f8615137dfc6174893f350ef2e99f11, type: 2}
      propertyPath: m_LocalPosition.x
      value: 480
      objectReference: {fileID: 0}
    - target: {fileID: 22415466, guid: 3f8615137dfc6174893f350ef2e99f11, type: 2}
      propertyPath: m_LocalPosition.y
      value: 320
      objectReference: {fileID: 0}
    - target: {fileID: 22415466, guid: 3f8615137dfc6174893f350ef2e99f11, type: 2}
      propertyPath: m_LocalPosition.z
      value: 0
      objectReference: {fileID: 0}
    - target: {fileID: 22415466, guid: 3f8615137dfc6174893f350ef2e99f11, type: 2}
      propertyPath: m_LocalRotation.x
      value: 0
      objectReference: {fileID: 0}
    - target: {fileID: 22415466, guid: 3f8615137dfc6174893f350ef2e99f11, type: 2}
      propertyPath: m_LocalRotation.y
      value: 0
      objectReference: {fileID: 0}
    - target: {fileID: 22415466, guid: 3f8615137dfc6174893f350ef2e99f11, type: 2}
      propertyPath: m_LocalRotation.z
      value: 0
      objectReference: {fileID: 0}
    - target: {fileID: 22415466, guid: 3f8615137dfc6174893f350ef2e99f11, type: 2}
      propertyPath: m_LocalRotation.w
      value: 1
      objectReference: {fileID: 0}
    - target: {fileID: 22415466, guid: 3f8615137dfc6174893f350ef2e99f11, type: 2}
      propertyPath: m_RootOrder
      value: 0
      objectReference: {fileID: 0}
    - target: {fileID: 22415466, guid: 3f8615137dfc6174893f350ef2e99f11, type: 2}
      propertyPath: m_AnchoredPosition.x
      value: 0
      objectReference: {fileID: 0}
    - target: {fileID: 22415466, guid: 3f8615137dfc6174893f350ef2e99f11, type: 2}
      propertyPath: m_AnchoredPosition.y
      value: 0
      objectReference: {fileID: 0}
    - target: {fileID: 22415466, guid: 3f8615137dfc6174893f350ef2e99f11, type: 2}
      propertyPath: m_SizeDelta.x
      value: 0
      objectReference: {fileID: 0}
    - target: {fileID: 22415466, guid: 3f8615137dfc6174893f350ef2e99f11, type: 2}
      propertyPath: m_SizeDelta.y
      value: 0
      objectReference: {fileID: 0}
    - target: {fileID: 22415466, guid: 3f8615137dfc6174893f350ef2e99f11, type: 2}
      propertyPath: m_AnchorMin.x
      value: 0
      objectReference: {fileID: 0}
    - target: {fileID: 22415466, guid: 3f8615137dfc6174893f350ef2e99f11, type: 2}
      propertyPath: m_AnchorMin.y
      value: 0
      objectReference: {fileID: 0}
    - target: {fileID: 22415466, guid: 3f8615137dfc6174893f350ef2e99f11, type: 2}
      propertyPath: m_AnchorMax.x
      value: 0
      objectReference: {fileID: 0}
    - target: {fileID: 22415466, guid: 3f8615137dfc6174893f350ef2e99f11, type: 2}
      propertyPath: m_AnchorMax.y
      value: 0
      objectReference: {fileID: 0}
    - target: {fileID: 22415466, guid: 3f8615137dfc6174893f350ef2e99f11, type: 2}
      propertyPath: m_Pivot.x
      value: 0
      objectReference: {fileID: 0}
    - target: {fileID: 22415466, guid: 3f8615137dfc6174893f350ef2e99f11, type: 2}
      propertyPath: m_Pivot.y
      value: 0
      objectReference: {fileID: 0}
    m_RemovedComponents: []
  m_ParentPrefab: {fileID: 100100000, guid: 3f8615137dfc6174893f350ef2e99f11, type: 2}
  m_RootGameObject: {fileID: 28268321}
  m_IsPrefabParent: 0
--- !u!1 &305424421
GameObject:
  m_ObjectHideFlags: 0
  m_PrefabParentObject: {fileID: 100592, guid: 3f8615137dfc6174893f350ef2e99f11, type: 2}
  m_PrefabInternal: {fileID: 206315673}
  serializedVersion: 5
  m_Component:
  - component: {fileID: 305424422}
  - component: {fileID: 305424425}
  - component: {fileID: 305424424}
  - component: {fileID: 305424423}
  m_Layer: 5
  m_Name: Icon
  m_TagString: Untagged
  m_Icon: {fileID: 0}
  m_NavMeshLayer: 0
  m_StaticEditorFlags: 0
  m_IsActive: 1
--- !u!224 &305424422
RectTransform:
  m_ObjectHideFlags: 0
  m_PrefabParentObject: {fileID: 22413408, guid: 3f8615137dfc6174893f350ef2e99f11,
    type: 2}
  m_PrefabInternal: {fileID: 206315673}
  m_GameObject: {fileID: 305424421}
  m_LocalRotation: {x: 0, y: 0, z: 0, w: 1}
  m_LocalPosition: {x: -212, y: 53, z: 0}
  m_LocalScale: {x: 1, y: 1, z: 1}
  m_Children: []
  m_Father: {fileID: 123867872}
  m_RootOrder: 4
  m_LocalEulerAnglesHint: {x: 0, y: 0, z: 0}
  m_AnchorMin: {x: 0.5, y: 0.5}
  m_AnchorMax: {x: 0.5, y: 0.5}
  m_AnchoredPosition: {x: -212, y: 53}
  m_SizeDelta: {x: 94, y: 90}
  m_Pivot: {x: 0.5, y: 0.5}
--- !u!114 &305424423
MonoBehaviour:
  m_ObjectHideFlags: 10
  m_PrefabParentObject: {fileID: 114585896666378262, guid: 3f8615137dfc6174893f350ef2e99f11,
    type: 2}
  m_PrefabInternal: {fileID: 206315673}
  m_GameObject: {fileID: 305424421}
  m_Enabled: 1
  m_EditorHideFlags: 0
  m_Script: {fileID: 112998890, guid: 325c5b2a7434372429c2ca9d61dba58e, type: 3}
  m_Name: 
  m_EditorClassIdentifier: 
  _guid: c300e760-70a6-49a3-9566-f52659b6f0e6
--- !u!114 &305424424
MonoBehaviour:
  m_ObjectHideFlags: 0
  m_PrefabParentObject: {fileID: 11436898, guid: 3f8615137dfc6174893f350ef2e99f11,
    type: 2}
  m_PrefabInternal: {fileID: 206315673}
  m_GameObject: {fileID: 305424421}
  m_Enabled: 1
  m_EditorHideFlags: 0
  m_Script: {fileID: -765806418, guid: f5f67c52d1564df4a8936ccd202a3bd8, type: 3}
  m_Name: 
  m_EditorClassIdentifier: 
  m_Material: {fileID: 0}
  m_Color: {r: 1, g: 1, b: 1, a: 0.6862745}
  m_RaycastTarget: 1
  m_OnCullStateChanged:
    m_PersistentCalls:
      m_Calls: []
    m_TypeName: UnityEngine.UI.MaskableGraphic+CullStateChangedEvent, UnityEngine.UI,
      Version=1.0.0.0, Culture=neutral, PublicKeyToken=null
  m_Sprite: {fileID: 21300000, guid: 97866a0fe2cf19440a0eb9db42ccd81f, type: 3}
  m_Type: 0
  m_PreserveAspect: 0
  m_FillCenter: 1
  m_FillMethod: 4
  m_FillAmount: 1
  m_FillClockwise: 1
  m_FillOrigin: 0
--- !u!222 &305424425
CanvasRenderer:
  m_ObjectHideFlags: 0
  m_PrefabParentObject: {fileID: 22271880, guid: 3f8615137dfc6174893f350ef2e99f11,
    type: 2}
  m_PrefabInternal: {fileID: 206315673}
  m_GameObject: {fileID: 305424421}
--- !u!1 &317477919
GameObject:
  m_ObjectHideFlags: 0
  m_PrefabParentObject: {fileID: 151760, guid: 3f8615137dfc6174893f350ef2e99f11, type: 2}
  m_PrefabInternal: {fileID: 206315673}
  serializedVersion: 5
  m_Component:
  - component: {fileID: 317477920}
  - component: {fileID: 317477923}
  - component: {fileID: 317477922}
  - component: {fileID: 317477921}
  m_Layer: 5
  m_Name: Text
  m_TagString: Untagged
  m_Icon: {fileID: 0}
  m_NavMeshLayer: 0
  m_StaticEditorFlags: 0
  m_IsActive: 1
--- !u!224 &317477920
RectTransform:
  m_ObjectHideFlags: 0
  m_PrefabParentObject: {fileID: 22448780, guid: 3f8615137dfc6174893f350ef2e99f11,
    type: 2}
  m_PrefabInternal: {fileID: 206315673}
  m_GameObject: {fileID: 317477919}
  m_LocalRotation: {x: 0, y: 0, z: 0, w: 1}
  m_LocalPosition: {x: 0, y: -31, z: 0}
  m_LocalScale: {x: 1, y: 1, z: 1}
  m_Children: []
  m_Father: {fileID: 123867872}
  m_RootOrder: 12
  m_LocalEulerAnglesHint: {x: 0, y: 0, z: 0}
  m_AnchorMin: {x: 0.5, y: 0.5}
  m_AnchorMax: {x: 0.5, y: 0.5}
  m_AnchoredPosition: {x: 0, y: -31}
  m_SizeDelta: {x: 78, y: 44}
  m_Pivot: {x: 0.5, y: 0.5}
--- !u!114 &317477921
MonoBehaviour:
  m_ObjectHideFlags: 10
  m_PrefabParentObject: {fileID: 114370453551432186, guid: 3f8615137dfc6174893f350ef2e99f11,
    type: 2}
  m_PrefabInternal: {fileID: 206315673}
  m_GameObject: {fileID: 317477919}
  m_Enabled: 1
  m_EditorHideFlags: 0
  m_Script: {fileID: 112998890, guid: 325c5b2a7434372429c2ca9d61dba58e, type: 3}
  m_Name: 
  m_EditorClassIdentifier: 
  _guid: 7a489f1b-3d4d-4b3f-aa6c-c34c4223076d
--- !u!114 &317477922
MonoBehaviour:
  m_ObjectHideFlags: 0
  m_PrefabParentObject: {fileID: 11402880, guid: 3f8615137dfc6174893f350ef2e99f11,
    type: 2}
  m_PrefabInternal: {fileID: 206315673}
  m_GameObject: {fileID: 317477919}
  m_Enabled: 1
  m_EditorHideFlags: 0
  m_Script: {fileID: 708705254, guid: f5f67c52d1564df4a8936ccd202a3bd8, type: 3}
  m_Name: 
  m_EditorClassIdentifier: 
  m_Material: {fileID: 0}
  m_Color: {r: 1, g: 1, b: 1, a: 0.6862745}
  m_RaycastTarget: 1
  m_OnCullStateChanged:
    m_PersistentCalls:
      m_Calls: []
    m_TypeName: UnityEngine.UI.MaskableGraphic+CullStateChangedEvent, UnityEngine.UI,
      Version=1.0.0.0, Culture=neutral, PublicKeyToken=null
  m_FontData:
    m_Font: {fileID: 12800000, guid: 0302b41c1bd344c75aa27df81f317832, type: 3}
    m_FontSize: 30
    m_FontStyle: 0
    m_BestFit: 0
    m_MinSize: 10
    m_MaxSize: 40
    m_Alignment: 1
    m_AlignByGeometry: 0
    m_RichText: 1
    m_HorizontalOverflow: 0
    m_VerticalOverflow: 0
    m_LineSpacing: 1
  m_Text: "68\u02DA"
--- !u!222 &317477923
CanvasRenderer:
  m_ObjectHideFlags: 0
  m_PrefabParentObject: {fileID: 22281792, guid: 3f8615137dfc6174893f350ef2e99f11,
    type: 2}
  m_PrefabInternal: {fileID: 206315673}
  m_GameObject: {fileID: 317477919}
--- !u!1 &400907070
GameObject:
  m_ObjectHideFlags: 0
  m_PrefabParentObject: {fileID: 168642, guid: 3f8615137dfc6174893f350ef2e99f11, type: 2}
  m_PrefabInternal: {fileID: 206315673}
  serializedVersion: 5
  m_Component:
  - component: {fileID: 400907074}
  - component: {fileID: 400907073}
  - component: {fileID: 400907072}
  - component: {fileID: 400907071}
  m_Layer: 5
  m_Name: MenuButton
  m_TagString: Untagged
  m_Icon: {fileID: 0}
  m_NavMeshLayer: 0
  m_StaticEditorFlags: 0
  m_IsActive: 1
--- !u!114 &400907071
MonoBehaviour:
  m_ObjectHideFlags: 10
  m_PrefabParentObject: {fileID: 114398521272743438, guid: 3f8615137dfc6174893f350ef2e99f11,
    type: 2}
  m_PrefabInternal: {fileID: 206315673}
  m_GameObject: {fileID: 400907070}
  m_Enabled: 1
  m_EditorHideFlags: 0
  m_Script: {fileID: 112998890, guid: 325c5b2a7434372429c2ca9d61dba58e, type: 3}
  m_Name: 
  m_EditorClassIdentifier: 
  _guid: 57ced86c-6129-4565-bc2f-51d6f5e6e543
--- !u!114 &400907072
MonoBehaviour:
  m_ObjectHideFlags: 0
  m_PrefabParentObject: {fileID: 11430672, guid: 3f8615137dfc6174893f350ef2e99f11,
    type: 2}
  m_PrefabInternal: {fileID: 206315673}
  m_GameObject: {fileID: 400907070}
  m_Enabled: 1
  m_EditorHideFlags: 0
  m_Script: {fileID: -765806418, guid: f5f67c52d1564df4a8936ccd202a3bd8, type: 3}
  m_Name: 
  m_EditorClassIdentifier: 
  m_Material: {fileID: 0}
  m_Color: {r: 0.93333334, g: 0.93333334, b: 0.93333334, a: 0.6509804}
  m_RaycastTarget: 1
  m_OnCullStateChanged:
    m_PersistentCalls:
      m_Calls: []
    m_TypeName: UnityEngine.UI.MaskableGraphic+CullStateChangedEvent, UnityEngine.UI,
      Version=1.0.0.0, Culture=neutral, PublicKeyToken=null
  m_Sprite: {fileID: 21300000, guid: db1f809d8edb33140abb615910d8c472, type: 3}
  m_Type: 0
  m_PreserveAspect: 0
  m_FillCenter: 1
  m_FillMethod: 4
  m_FillAmount: 1
  m_FillClockwise: 1
  m_FillOrigin: 0
--- !u!222 &400907073
CanvasRenderer:
  m_ObjectHideFlags: 0
  m_PrefabParentObject: {fileID: 22282354, guid: 3f8615137dfc6174893f350ef2e99f11,
    type: 2}
  m_PrefabInternal: {fileID: 206315673}
  m_GameObject: {fileID: 400907070}
--- !u!224 &400907074
RectTransform:
  m_ObjectHideFlags: 0
  m_PrefabParentObject: {fileID: 22437076, guid: 3f8615137dfc6174893f350ef2e99f11,
    type: 2}
  m_PrefabInternal: {fileID: 206315673}
  m_GameObject: {fileID: 400907070}
  m_LocalRotation: {x: 0, y: 0, z: 0, w: 1}
  m_LocalPosition: {x: -850, y: 464, z: 0}
  m_LocalScale: {x: 1, y: 1, z: 1}
  m_Children: []
  m_Father: {fileID: 583651927}
  m_RootOrder: 3
  m_LocalEulerAnglesHint: {x: 0, y: 0, z: 0}
  m_AnchorMin: {x: 0, y: 0}
  m_AnchorMax: {x: 0, y: 0}
  m_AnchoredPosition: {x: 110, y: 1004}
  m_SizeDelta: {x: 78, y: 37}
  m_Pivot: {x: 0.5, y: 0.5}
--- !u!1 &481256823
GameObject:
  m_ObjectHideFlags: 0
  m_PrefabParentObject: {fileID: 184466, guid: 3f8615137dfc6174893f350ef2e99f11, type: 2}
  m_PrefabInternal: {fileID: 206315673}
  serializedVersion: 5
  m_Component:
  - component: {fileID: 481256824}
  - component: {fileID: 481256827}
  - component: {fileID: 481256826}
  - component: {fileID: 481256825}
  m_Layer: 5
  m_Name: WeatherIcon
  m_TagString: Untagged
  m_Icon: {fileID: 0}
  m_NavMeshLayer: 0
  m_StaticEditorFlags: 0
  m_IsActive: 1
--- !u!224 &481256824
RectTransform:
  m_ObjectHideFlags: 0
  m_PrefabParentObject: {fileID: 22483306, guid: 3f8615137dfc6174893f350ef2e99f11,
    type: 2}
  m_PrefabInternal: {fileID: 206315673}
  m_GameObject: {fileID: 481256823}
  m_LocalRotation: {x: 0, y: 0, z: 0, w: 1}
  m_LocalPosition: {x: 66, y: 182, z: 0}
  m_LocalScale: {x: 1, y: 1, z: 1}
  m_Children:
  - {fileID: 1585630395}
  m_Father: {fileID: 583651927}
  m_RootOrder: 2
  m_LocalEulerAnglesHint: {x: 0, y: 0, z: 0}
  m_AnchorMin: {x: 0, y: 0}
  m_AnchorMax: {x: 0, y: 0}
  m_AnchoredPosition: {x: 1026, y: 722}
  m_SizeDelta: {x: 497, y: 433}
  m_Pivot: {x: 0.5, y: 0.5}
--- !u!114 &481256825
MonoBehaviour:
  m_ObjectHideFlags: 10
  m_PrefabParentObject: {fileID: 114105687234457860, guid: 3f8615137dfc6174893f350ef2e99f11,
    type: 2}
  m_PrefabInternal: {fileID: 206315673}
  m_GameObject: {fileID: 481256823}
  m_Enabled: 1
  m_EditorHideFlags: 0
  m_Script: {fileID: 112998890, guid: 325c5b2a7434372429c2ca9d61dba58e, type: 3}
  m_Name: 
  m_EditorClassIdentifier: 
  _guid: 9de659a9-38b4-4584-8be4-e77489a947b9
--- !u!114 &481256826
MonoBehaviour:
  m_ObjectHideFlags: 0
  m_PrefabParentObject: {fileID: 11428468, guid: 3f8615137dfc6174893f350ef2e99f11,
    type: 2}
  m_PrefabInternal: {fileID: 206315673}
  m_GameObject: {fileID: 481256823}
  m_Enabled: 1
  m_EditorHideFlags: 0
  m_Script: {fileID: -765806418, guid: f5f67c52d1564df4a8936ccd202a3bd8, type: 3}
  m_Name: 
  m_EditorClassIdentifier: 
  m_Material: {fileID: 0}
  m_Color: {r: 1, g: 1, b: 1, a: 0.38431373}
  m_RaycastTarget: 1
  m_OnCullStateChanged:
    m_PersistentCalls:
      m_Calls: []
    m_TypeName: UnityEngine.UI.MaskableGraphic+CullStateChangedEvent, UnityEngine.UI,
      Version=1.0.0.0, Culture=neutral, PublicKeyToken=null
  m_Sprite: {fileID: 21300000, guid: 85983cedfc874aa49a5162ddb24fb7cd, type: 3}
  m_Type: 0
  m_PreserveAspect: 0
  m_FillCenter: 1
  m_FillMethod: 4
  m_FillAmount: 1
  m_FillClockwise: 1
  m_FillOrigin: 0
--- !u!222 &481256827
CanvasRenderer:
  m_ObjectHideFlags: 0
  m_PrefabParentObject: {fileID: 22299294, guid: 3f8615137dfc6174893f350ef2e99f11,
    type: 2}
  m_PrefabInternal: {fileID: 206315673}
  m_GameObject: {fileID: 481256823}
--- !u!1 &583651926
GameObject:
  m_ObjectHideFlags: 0
  m_PrefabParentObject: {fileID: 151876, guid: 3f8615137dfc6174893f350ef2e99f11, type: 2}
  m_PrefabInternal: {fileID: 206315673}
  serializedVersion: 5
  m_Component:
  - component: {fileID: 583651927}
  - component: {fileID: 583651931}
  - component: {fileID: 583651930}
  - component: {fileID: 583651929}
  - component: {fileID: 583651928}
  m_Layer: 5
  m_Name: Panel
  m_TagString: Untagged
  m_Icon: {fileID: 0}
  m_NavMeshLayer: 0
  m_StaticEditorFlags: 0
  m_IsActive: 1
--- !u!224 &583651927
RectTransform:
  m_ObjectHideFlags: 0
  m_PrefabParentObject: {fileID: 22461328, guid: 3f8615137dfc6174893f350ef2e99f11,
    type: 2}
  m_PrefabInternal: {fileID: 206315673}
  m_GameObject: {fileID: 583651926}
  m_LocalRotation: {x: 0, y: 0, z: 0, w: 1}
  m_LocalPosition: {x: 0, y: 0, z: 0}
  m_LocalScale: {x: 1, y: 1, z: 1}
  m_Children:
  - {fileID: 1637275058}
  - {fileID: 123867872}
  - {fileID: 481256824}
  - {fileID: 400907074}
  m_Father: {fileID: 28268327}
  m_RootOrder: 1
  m_LocalEulerAnglesHint: {x: 0, y: 0, z: 0}
  m_AnchorMin: {x: 0.5, y: 0.5}
  m_AnchorMax: {x: 0.5, y: 0.5}
  m_AnchoredPosition: {x: 0, y: 0}
  m_SizeDelta: {x: 1920, y: 1080}
  m_Pivot: {x: 0.5, y: 0.5}
--- !u!114 &583651928
MonoBehaviour:
  m_ObjectHideFlags: 10
  m_PrefabParentObject: {fileID: 114343200053237086, guid: 3f8615137dfc6174893f350ef2e99f11,
    type: 2}
  m_PrefabInternal: {fileID: 206315673}
  m_GameObject: {fileID: 583651926}
  m_Enabled: 1
  m_EditorHideFlags: 0
  m_Script: {fileID: 112998890, guid: 325c5b2a7434372429c2ca9d61dba58e, type: 3}
  m_Name: 
  m_EditorClassIdentifier: 
  _guid: a0937a0c-5184-4cd8-ba1d-a3a3ba245cab
--- !u!114 &583651929
MonoBehaviour:
  m_ObjectHideFlags: 0
  m_PrefabParentObject: {fileID: 11423606, guid: 3f8615137dfc6174893f350ef2e99f11,
    type: 2}
  m_PrefabInternal: {fileID: 206315673}
  m_GameObject: {fileID: 583651926}
  m_Enabled: 1
  m_EditorHideFlags: 0
  m_Script: {fileID: -1200242548, guid: f5f67c52d1564df4a8936ccd202a3bd8, type: 3}
  m_Name: 
  m_EditorClassIdentifier: 
  m_ShowMaskGraphic: 1
--- !u!114 &583651930
MonoBehaviour:
  m_ObjectHideFlags: 0
  m_PrefabParentObject: {fileID: 11416134, guid: 3f8615137dfc6174893f350ef2e99f11,
    type: 2}
  m_PrefabInternal: {fileID: 206315673}
  m_GameObject: {fileID: 583651926}
  m_Enabled: 1
  m_EditorHideFlags: 0
  m_Script: {fileID: -765806418, guid: f5f67c52d1564df4a8936ccd202a3bd8, type: 3}
  m_Name: 
  m_EditorClassIdentifier: 
  m_Material: {fileID: 0}
  m_Color: {r: 0.12156863, g: 0.12156863, b: 0.12156863, a: 1}
  m_RaycastTarget: 1
  m_OnCullStateChanged:
    m_PersistentCalls:
      m_Calls: []
    m_TypeName: UnityEngine.UI.MaskableGraphic+CullStateChangedEvent, UnityEngine.UI,
      Version=1.0.0.0, Culture=neutral, PublicKeyToken=null
  m_Sprite: {fileID: 21300000, guid: 7ed1238760b863f4aafde32ab3a6f28c, type: 3}
  m_Type: 1
  m_PreserveAspect: 0
  m_FillCenter: 1
  m_FillMethod: 4
  m_FillAmount: 1
  m_FillClockwise: 1
  m_FillOrigin: 0
--- !u!222 &583651931
CanvasRenderer:
  m_ObjectHideFlags: 0
  m_PrefabParentObject: {fileID: 22269576, guid: 3f8615137dfc6174893f350ef2e99f11,
    type: 2}
  m_PrefabInternal: {fileID: 206315673}
  m_GameObject: {fileID: 583651926}
--- !u!1 &846234870
GameObject:
  m_ObjectHideFlags: 0
  m_PrefabParentObject: {fileID: 102194, guid: 3f8615137dfc6174893f350ef2e99f11, type: 2}
  m_PrefabInternal: {fileID: 206315673}
  serializedVersion: 5
  m_Component:
  - component: {fileID: 846234871}
  - component: {fileID: 846234874}
  - component: {fileID: 846234873}
  - component: {fileID: 846234872}
  m_Layer: 5
  m_Name: BG
  m_TagString: Untagged
  m_Icon: {fileID: 0}
  m_NavMeshLayer: 0
  m_StaticEditorFlags: 0
  m_IsActive: 1
--- !u!224 &846234871
RectTransform:
  m_ObjectHideFlags: 0
  m_PrefabParentObject: {fileID: 22451398, guid: 3f8615137dfc6174893f350ef2e99f11,
    type: 2}
  m_PrefabInternal: {fileID: 206315673}
  m_GameObject: {fileID: 846234870}
  m_LocalRotation: {x: 0, y: 0, z: 0, w: 1}
  m_LocalPosition: {x: 0, y: 35, z: 0}
  m_LocalScale: {x: 1, y: 1, z: 1}
  m_Children: []
  m_Father: {fileID: 1637275058}
  m_RootOrder: 0
  m_LocalEulerAnglesHint: {x: 0, y: 0, z: 0}
  m_AnchorMin: {x: 0, y: 0}
  m_AnchorMax: {x: 0, y: 0}
  m_AnchoredPosition: {x: 959.75, y: 575}
  m_SizeDelta: {x: 1938, y: 1292}
  m_Pivot: {x: 0.5, y: 0.5}
--- !u!114 &846234872
MonoBehaviour:
  m_ObjectHideFlags: 10
  m_PrefabParentObject: {fileID: 114394556075442368, guid: 3f8615137dfc6174893f350ef2e99f11,
    type: 2}
  m_PrefabInternal: {fileID: 206315673}
  m_GameObject: {fileID: 846234870}
  m_Enabled: 1
  m_EditorHideFlags: 0
  m_Script: {fileID: 112998890, guid: 325c5b2a7434372429c2ca9d61dba58e, type: 3}
  m_Name: 
  m_EditorClassIdentifier: 
  _guid: f58b0bc8-2cbd-4ac2-885e-6dcc299cf42a
--- !u!114 &846234873
MonoBehaviour:
  m_ObjectHideFlags: 0
  m_PrefabParentObject: {fileID: 11479816, guid: 3f8615137dfc6174893f350ef2e99f11,
    type: 2}
  m_PrefabInternal: {fileID: 206315673}
  m_GameObject: {fileID: 846234870}
  m_Enabled: 1
  m_EditorHideFlags: 0
  m_Script: {fileID: -765806418, guid: f5f67c52d1564df4a8936ccd202a3bd8, type: 3}
  m_Name: 
  m_EditorClassIdentifier: 
  m_Material: {fileID: 0}
  m_Color: {r: 1, g: 1, b: 1, a: 1}
  m_RaycastTarget: 1
  m_OnCullStateChanged:
    m_PersistentCalls:
      m_Calls: []
    m_TypeName: UnityEngine.UI.MaskableGraphic+CullStateChangedEvent, UnityEngine.UI,
      Version=1.0.0.0, Culture=neutral, PublicKeyToken=null
  m_Sprite: {fileID: 21300000, guid: b072753c3041be543a90d3fb600b6fa2, type: 3}
  m_Type: 0
  m_PreserveAspect: 0
  m_FillCenter: 1
  m_FillMethod: 4
  m_FillAmount: 1
  m_FillClockwise: 1
  m_FillOrigin: 0
--- !u!222 &846234874
CanvasRenderer:
  m_ObjectHideFlags: 0
  m_PrefabParentObject: {fileID: 22200814, guid: 3f8615137dfc6174893f350ef2e99f11,
    type: 2}
  m_PrefabInternal: {fileID: 206315673}
  m_GameObject: {fileID: 846234870}
--- !u!1 &886591504
GameObject:
  m_ObjectHideFlags: 0
  m_PrefabParentObject: {fileID: 124182, guid: 3f8615137dfc6174893f350ef2e99f11, type: 2}
  m_PrefabInternal: {fileID: 206315673}
  serializedVersion: 5
  m_Component:
  - component: {fileID: 886591505}
  - component: {fileID: 886591508}
  - component: {fileID: 886591507}
  - component: {fileID: 886591506}
  m_Layer: 5
  m_Name: Text
  m_TagString: Untagged
  m_Icon: {fileID: 0}
  m_NavMeshLayer: 0
  m_StaticEditorFlags: 0
  m_IsActive: 1
--- !u!224 &886591505
RectTransform:
  m_ObjectHideFlags: 0
  m_PrefabParentObject: {fileID: 22468738, guid: 3f8615137dfc6174893f350ef2e99f11,
    type: 2}
  m_PrefabInternal: {fileID: 206315673}
  m_GameObject: {fileID: 886591504}
  m_LocalRotation: {x: 0, y: 0, z: 0, w: 1}
  m_LocalPosition: {x: 212, y: 155, z: 0}
  m_LocalScale: {x: 1, y: 1, z: 1}
  m_Children: []
  m_Father: {fileID: 123867872}
  m_RootOrder: 8
  m_LocalEulerAnglesHint: {x: 0, y: 0, z: 0}
  m_AnchorMin: {x: 0.5, y: 0.5}
  m_AnchorMax: {x: 0.5, y: 0.5}
  m_AnchoredPosition: {x: 212, y: 155}
  m_SizeDelta: {x: 78, y: 44}
  m_Pivot: {x: 0.5, y: 0.5}
--- !u!114 &886591506
MonoBehaviour:
  m_ObjectHideFlags: 10
  m_PrefabParentObject: {fileID: 114091498383024622, guid: 3f8615137dfc6174893f350ef2e99f11,
    type: 2}
  m_PrefabInternal: {fileID: 206315673}
  m_GameObject: {fileID: 886591504}
  m_Enabled: 1
  m_EditorHideFlags: 0
  m_Script: {fileID: 112998890, guid: 325c5b2a7434372429c2ca9d61dba58e, type: 3}
  m_Name: 
  m_EditorClassIdentifier: 
  _guid: 4d8a1f2c-24ef-4820-b3e8-1f359fae6279
--- !u!114 &886591507
MonoBehaviour:
  m_ObjectHideFlags: 0
  m_PrefabParentObject: {fileID: 11472912, guid: 3f8615137dfc6174893f350ef2e99f11,
    type: 2}
  m_PrefabInternal: {fileID: 206315673}
  m_GameObject: {fileID: 886591504}
  m_Enabled: 1
  m_EditorHideFlags: 0
  m_Script: {fileID: 708705254, guid: f5f67c52d1564df4a8936ccd202a3bd8, type: 3}
  m_Name: 
  m_EditorClassIdentifier: 
  m_Material: {fileID: 0}
  m_Color: {r: 1, g: 1, b: 1, a: 0.6862745}
  m_RaycastTarget: 1
  m_OnCullStateChanged:
    m_PersistentCalls:
      m_Calls: []
    m_TypeName: UnityEngine.UI.MaskableGraphic+CullStateChangedEvent, UnityEngine.UI,
      Version=1.0.0.0, Culture=neutral, PublicKeyToken=null
  m_FontData:
    m_Font: {fileID: 12800000, guid: 7dfc2e1472ac84e1bb749a8a9f934483, type: 3}
    m_FontSize: 22
    m_FontStyle: 0
    m_BestFit: 0
    m_MinSize: 10
    m_MaxSize: 40
    m_Alignment: 1
    m_AlignByGeometry: 0
    m_RichText: 1
    m_HorizontalOverflow: 0
    m_VerticalOverflow: 0
    m_LineSpacing: 1
  m_Text: thu
--- !u!222 &886591508
CanvasRenderer:
  m_ObjectHideFlags: 0
  m_PrefabParentObject: {fileID: 22263518, guid: 3f8615137dfc6174893f350ef2e99f11,
    type: 2}
  m_PrefabInternal: {fileID: 206315673}
  m_GameObject: {fileID: 886591504}
--- !u!1 &900388922
GameObject:
  m_ObjectHideFlags: 0
  m_PrefabParentObject: {fileID: 185072, guid: 3f8615137dfc6174893f350ef2e99f11, type: 2}
  m_PrefabInternal: {fileID: 206315673}
  serializedVersion: 5
  m_Component:
  - component: {fileID: 900388926}
  - component: {fileID: 900388925}
  - component: {fileID: 900388924}
  - component: {fileID: 900388923}
  m_Layer: 5
  m_Name: AppTitle
  m_TagString: Untagged
  m_Icon: {fileID: 0}
  m_NavMeshLayer: 0
  m_StaticEditorFlags: 0
  m_IsActive: 1
--- !u!114 &900388923
MonoBehaviour:
  m_ObjectHideFlags: 10
  m_PrefabParentObject: {fileID: 114907852514203108, guid: 3f8615137dfc6174893f350ef2e99f11,
    type: 2}
  m_PrefabInternal: {fileID: 206315673}
  m_GameObject: {fileID: 900388922}
  m_Enabled: 1
  m_EditorHideFlags: 0
  m_Script: {fileID: 112998890, guid: 325c5b2a7434372429c2ca9d61dba58e, type: 3}
  m_Name: 
  m_EditorClassIdentifier: 
  _guid: 37925c9f-780b-47b0-b0aa-7dcfb0a11956
--- !u!114 &900388924
MonoBehaviour:
  m_ObjectHideFlags: 0
  m_PrefabParentObject: {fileID: 11447570, guid: 3f8615137dfc6174893f350ef2e99f11,
    type: 2}
  m_PrefabInternal: {fileID: 206315673}
  m_GameObject: {fileID: 900388922}
  m_Enabled: 1
  m_EditorHideFlags: 0
  m_Script: {fileID: 708705254, guid: f5f67c52d1564df4a8936ccd202a3bd8, type: 3}
  m_Name: 
  m_EditorClassIdentifier: 
  m_Material: {fileID: 0}
  m_Color: {r: 0.85490197, g: 0.85490197, b: 0.85490197, a: 1}
  m_RaycastTarget: 1
  m_OnCullStateChanged:
    m_PersistentCalls:
      m_Calls: []
    m_TypeName: UnityEngine.UI.MaskableGraphic+CullStateChangedEvent, UnityEngine.UI,
      Version=1.0.0.0, Culture=neutral, PublicKeyToken=null
  m_FontData:
    m_Font: {fileID: 12800000, guid: 218956a5c2a6e42d6a60afccf80b002b, type: 3}
    m_FontSize: 40
    m_FontStyle: 0
    m_BestFit: 0
    m_MinSize: 10
    m_MaxSize: 40
    m_Alignment: 0
    m_AlignByGeometry: 0
    m_RichText: 1
    m_HorizontalOverflow: 0
    m_VerticalOverflow: 1
    m_LineSpacing: 1
  m_Text: APP SAMPLE DESKTOP
--- !u!222 &900388925
CanvasRenderer:
  m_ObjectHideFlags: 0
  m_PrefabParentObject: {fileID: 22238758, guid: 3f8615137dfc6174893f350ef2e99f11,
    type: 2}
  m_PrefabInternal: {fileID: 206315673}
  m_GameObject: {fileID: 900388922}
--- !u!224 &900388926
RectTransform:
  m_ObjectHideFlags: 0
  m_PrefabParentObject: {fileID: 22425080, guid: 3f8615137dfc6174893f350ef2e99f11,
    type: 2}
  m_PrefabInternal: {fileID: 206315673}
  m_GameObject: {fileID: 900388922}
  m_LocalRotation: {x: 0, y: 0, z: 0, w: 1}
  m_LocalPosition: {x: -36.5, y: -88, z: 0}
  m_LocalScale: {x: 1, y: 1, z: 1}
  m_Children: []
  m_Father: {fileID: 55295310}
  m_RootOrder: 0
  m_LocalEulerAnglesHint: {x: 0, y: 0, z: 0}
  m_AnchorMin: {x: 0.5, y: 0.5}
  m_AnchorMax: {x: 0.5, y: 0.5}
  m_AnchoredPosition: {x: -36.5, y: -88}
  m_SizeDelta: {x: 695, y: 67}
  m_Pivot: {x: 0.5, y: 0.5}
--- !u!1 &967174460
GameObject:
  m_ObjectHideFlags: 0
  m_PrefabParentObject: {fileID: 154910, guid: 3f8615137dfc6174893f350ef2e99f11, type: 2}
  m_PrefabInternal: {fileID: 206315673}
  serializedVersion: 5
  m_Component:
  - component: {fileID: 967174461}
  - component: {fileID: 967174464}
  - component: {fileID: 967174463}
  - component: {fileID: 967174462}
  m_Layer: 5
  m_Name: Text
  m_TagString: Untagged
  m_Icon: {fileID: 0}
  m_NavMeshLayer: 0
  m_StaticEditorFlags: 0
  m_IsActive: 1
--- !u!224 &967174461
RectTransform:
  m_ObjectHideFlags: 0
  m_PrefabParentObject: {fileID: 22443402, guid: 3f8615137dfc6174893f350ef2e99f11,
    type: 2}
  m_PrefabInternal: {fileID: 206315673}
  m_GameObject: {fileID: 967174460}
  m_LocalRotation: {x: 0, y: 0, z: 0, w: 1}
  m_LocalPosition: {x: 0, y: 155, z: 0}
  m_LocalScale: {x: 1, y: 1, z: 1}
  m_Children: []
  m_Father: {fileID: 123867872}
  m_RootOrder: 7
  m_LocalEulerAnglesHint: {x: 0, y: 0, z: 0}
  m_AnchorMin: {x: 0.5, y: 0.5}
  m_AnchorMax: {x: 0.5, y: 0.5}
  m_AnchoredPosition: {x: 0, y: 155}
  m_SizeDelta: {x: 78, y: 44}
  m_Pivot: {x: 0.5, y: 0.5}
--- !u!114 &967174462
MonoBehaviour:
  m_ObjectHideFlags: 10
  m_PrefabParentObject: {fileID: 114682436308965978, guid: 3f8615137dfc6174893f350ef2e99f11,
    type: 2}
  m_PrefabInternal: {fileID: 206315673}
  m_GameObject: {fileID: 967174460}
  m_Enabled: 1
  m_EditorHideFlags: 0
  m_Script: {fileID: 112998890, guid: 325c5b2a7434372429c2ca9d61dba58e, type: 3}
  m_Name: 
  m_EditorClassIdentifier: 
  _guid: 2a93e3d1-df1c-472f-9a9c-a70f0a82c11f
--- !u!114 &967174463
MonoBehaviour:
  m_ObjectHideFlags: 0
  m_PrefabParentObject: {fileID: 11489168, guid: 3f8615137dfc6174893f350ef2e99f11,
    type: 2}
  m_PrefabInternal: {fileID: 206315673}
  m_GameObject: {fileID: 967174460}
  m_Enabled: 1
  m_EditorHideFlags: 0
  m_Script: {fileID: 708705254, guid: f5f67c52d1564df4a8936ccd202a3bd8, type: 3}
  m_Name: 
  m_EditorClassIdentifier: 
  m_Material: {fileID: 0}
  m_Color: {r: 1, g: 1, b: 1, a: 0.6862745}
  m_RaycastTarget: 1
  m_OnCullStateChanged:
    m_PersistentCalls:
      m_Calls: []
    m_TypeName: UnityEngine.UI.MaskableGraphic+CullStateChangedEvent, UnityEngine.UI,
      Version=1.0.0.0, Culture=neutral, PublicKeyToken=null
  m_FontData:
    m_Font: {fileID: 12800000, guid: 7dfc2e1472ac84e1bb749a8a9f934483, type: 3}
    m_FontSize: 22
    m_FontStyle: 0
    m_BestFit: 0
    m_MinSize: 10
    m_MaxSize: 40
    m_Alignment: 1
    m_AlignByGeometry: 0
    m_RichText: 1
    m_HorizontalOverflow: 0
    m_VerticalOverflow: 0
    m_LineSpacing: 1
  m_Text: wed
--- !u!222 &967174464
CanvasRenderer:
  m_ObjectHideFlags: 0
  m_PrefabParentObject: {fileID: 22264394, guid: 3f8615137dfc6174893f350ef2e99f11,
    type: 2}
  m_PrefabInternal: {fileID: 206315673}
  m_GameObject: {fileID: 967174460}
--- !u!1 &1147451439
GameObject:
  m_ObjectHideFlags: 0
  m_PrefabParentObject: {fileID: 100408, guid: 3f8615137dfc6174893f350ef2e99f11, type: 2}
  m_PrefabInternal: {fileID: 206315673}
  serializedVersion: 5
  m_Component:
  - component: {fileID: 1147451440}
  - component: {fileID: 1147451443}
  - component: {fileID: 1147451442}
  - component: {fileID: 1147451441}
  m_Layer: 5
  m_Name: Text
  m_TagString: Untagged
  m_Icon: {fileID: 0}
  m_NavMeshLayer: 0
  m_StaticEditorFlags: 0
  m_IsActive: 1
--- !u!224 &1147451440
RectTransform:
  m_ObjectHideFlags: 0
  m_PrefabParentObject: {fileID: 22424498, guid: 3f8615137dfc6174893f350ef2e99f11,
    type: 2}
  m_PrefabInternal: {fileID: 206315673}
  m_GameObject: {fileID: 1147451439}
  m_LocalRotation: {x: 0, y: 0, z: 0, w: 1}
  m_LocalPosition: {x: 420, y: 155, z: 0}
  m_LocalScale: {x: 1, y: 1, z: 1}
  m_Children: []
  m_Father: {fileID: 123867872}
  m_RootOrder: 9
  m_LocalEulerAnglesHint: {x: 0, y: 0, z: 0}
  m_AnchorMin: {x: 0.5, y: 0.5}
  m_AnchorMax: {x: 0.5, y: 0.5}
  m_AnchoredPosition: {x: 420, y: 155}
  m_SizeDelta: {x: 78, y: 44}
  m_Pivot: {x: 0.5, y: 0.5}
--- !u!114 &1147451441
MonoBehaviour:
  m_ObjectHideFlags: 10
  m_PrefabParentObject: {fileID: 114979015875079008, guid: 3f8615137dfc6174893f350ef2e99f11,
    type: 2}
  m_PrefabInternal: {fileID: 206315673}
  m_GameObject: {fileID: 1147451439}
  m_Enabled: 1
  m_EditorHideFlags: 0
  m_Script: {fileID: 112998890, guid: 325c5b2a7434372429c2ca9d61dba58e, type: 3}
  m_Name: 
  m_EditorClassIdentifier: 
  _guid: 1e0f21f9-754f-4ee4-92fd-5c59d769a051
--- !u!114 &1147451442
MonoBehaviour:
  m_ObjectHideFlags: 0
  m_PrefabParentObject: {fileID: 11452446, guid: 3f8615137dfc6174893f350ef2e99f11,
    type: 2}
  m_PrefabInternal: {fileID: 206315673}
  m_GameObject: {fileID: 1147451439}
  m_Enabled: 1
  m_EditorHideFlags: 0
  m_Script: {fileID: 708705254, guid: f5f67c52d1564df4a8936ccd202a3bd8, type: 3}
  m_Name: 
  m_EditorClassIdentifier: 
  m_Material: {fileID: 0}
  m_Color: {r: 1, g: 1, b: 1, a: 0.6862745}
  m_RaycastTarget: 1
  m_OnCullStateChanged:
    m_PersistentCalls:
      m_Calls: []
    m_TypeName: UnityEngine.UI.MaskableGraphic+CullStateChangedEvent, UnityEngine.UI,
      Version=1.0.0.0, Culture=neutral, PublicKeyToken=null
  m_FontData:
    m_Font: {fileID: 12800000, guid: 7dfc2e1472ac84e1bb749a8a9f934483, type: 3}
    m_FontSize: 22
    m_FontStyle: 0
    m_BestFit: 0
    m_MinSize: 10
    m_MaxSize: 40
    m_Alignment: 1
    m_AlignByGeometry: 0
    m_RichText: 1
    m_HorizontalOverflow: 0
    m_VerticalOverflow: 0
    m_LineSpacing: 1
  m_Text: fri
--- !u!222 &1147451443
CanvasRenderer:
  m_ObjectHideFlags: 0
  m_PrefabParentObject: {fileID: 22281692, guid: 3f8615137dfc6174893f350ef2e99f11,
    type: 2}
  m_PrefabInternal: {fileID: 206315673}
  m_GameObject: {fileID: 1147451439}
--- !u!1 &1180875499
GameObject:
  m_ObjectHideFlags: 0
  m_PrefabParentObject: {fileID: 109014, guid: 3f8615137dfc6174893f350ef2e99f11, type: 2}
  m_PrefabInternal: {fileID: 206315673}
  serializedVersion: 5
  m_Component:
  - component: {fileID: 1180875500}
  - component: {fileID: 1180875503}
  - component: {fileID: 1180875502}
  - component: {fileID: 1180875501}
  m_Layer: 5
  m_Name: Icon
  m_TagString: Untagged
  m_Icon: {fileID: 0}
  m_NavMeshLayer: 0
  m_StaticEditorFlags: 0
  m_IsActive: 1
--- !u!224 &1180875500
RectTransform:
  m_ObjectHideFlags: 0
  m_PrefabParentObject: {fileID: 22428432, guid: 3f8615137dfc6174893f350ef2e99f11,
    type: 2}
  m_PrefabInternal: {fileID: 206315673}
  m_GameObject: {fileID: 1180875499}
  m_LocalRotation: {x: 0, y: 0, z: 0, w: 1}
  m_LocalPosition: {x: 212, y: 61, z: 0}
  m_LocalScale: {x: 1, y: 1, z: 1}
  m_Children: []
  m_Father: {fileID: 123867872}
  m_RootOrder: 1
  m_LocalEulerAnglesHint: {x: 0, y: 0, z: 0}
  m_AnchorMin: {x: 0.5, y: 0.5}
  m_AnchorMax: {x: 0.5, y: 0.5}
  m_AnchoredPosition: {x: 212, y: 61}
  m_SizeDelta: {x: 90, y: 90}
  m_Pivot: {x: 0.5, y: 0.5}
--- !u!114 &1180875501
MonoBehaviour:
  m_ObjectHideFlags: 10
  m_PrefabParentObject: {fileID: 114190604341877408, guid: 3f8615137dfc6174893f350ef2e99f11,
    type: 2}
  m_PrefabInternal: {fileID: 206315673}
  m_GameObject: {fileID: 1180875499}
  m_Enabled: 1
  m_EditorHideFlags: 0
  m_Script: {fileID: 112998890, guid: 325c5b2a7434372429c2ca9d61dba58e, type: 3}
  m_Name: 
  m_EditorClassIdentifier: 
  _guid: f6842d63-2ee0-4a6f-b8f5-f271b664d3d2
--- !u!114 &1180875502
MonoBehaviour:
  m_ObjectHideFlags: 0
  m_PrefabParentObject: {fileID: 11442014, guid: 3f8615137dfc6174893f350ef2e99f11,
    type: 2}
  m_PrefabInternal: {fileID: 206315673}
  m_GameObject: {fileID: 1180875499}
  m_Enabled: 1
  m_EditorHideFlags: 0
  m_Script: {fileID: -765806418, guid: f5f67c52d1564df4a8936ccd202a3bd8, type: 3}
  m_Name: 
  m_EditorClassIdentifier: 
  m_Material: {fileID: 0}
  m_Color: {r: 1, g: 1, b: 1, a: 0.6862745}
  m_RaycastTarget: 1
  m_OnCullStateChanged:
    m_PersistentCalls:
      m_Calls: []
    m_TypeName: UnityEngine.UI.MaskableGraphic+CullStateChangedEvent, UnityEngine.UI,
      Version=1.0.0.0, Culture=neutral, PublicKeyToken=null
  m_Sprite: {fileID: 21300000, guid: 5157489142019fa4e94cd15fb706ced6, type: 3}
  m_Type: 0
  m_PreserveAspect: 0
  m_FillCenter: 1
  m_FillMethod: 4
  m_FillAmount: 1
  m_FillClockwise: 1
  m_FillOrigin: 0
--- !u!222 &1180875503
CanvasRenderer:
  m_ObjectHideFlags: 0
  m_PrefabParentObject: {fileID: 22225248, guid: 3f8615137dfc6174893f350ef2e99f11,
    type: 2}
  m_PrefabInternal: {fileID: 206315673}
  m_GameObject: {fileID: 1180875499}
--- !u!1 &1500371475
GameObject:
  m_ObjectHideFlags: 0
  m_PrefabParentObject: {fileID: 0}
  m_PrefabInternal: {fileID: 0}
  serializedVersion: 5
  m_Component:
  - component: {fileID: 1500371479}
  - component: {fileID: 1500371478}
  - component: {fileID: 1500371477}
  - component: {fileID: 1500371476}
  m_Layer: 0
  m_Name: EventSystem
  m_TagString: Untagged
  m_Icon: {fileID: 0}
  m_NavMeshLayer: 0
  m_StaticEditorFlags: 0
  m_IsActive: 1
--- !u!114 &1500371476
MonoBehaviour:
  m_ObjectHideFlags: 0
  m_PrefabParentObject: {fileID: 0}
  m_PrefabInternal: {fileID: 0}
  m_GameObject: {fileID: 1500371475}
  m_Enabled: 1
  m_EditorHideFlags: 0
  m_Script: {fileID: 1997211142, guid: f5f67c52d1564df4a8936ccd202a3bd8, type: 3}
  m_Name: 
  m_EditorClassIdentifier: 
  m_ForceModuleActive: 0
--- !u!114 &1500371477
MonoBehaviour:
  m_ObjectHideFlags: 0
  m_PrefabParentObject: {fileID: 0}
  m_PrefabInternal: {fileID: 0}
  m_GameObject: {fileID: 1500371475}
  m_Enabled: 1
  m_EditorHideFlags: 0
  m_Script: {fileID: 1077351063, guid: f5f67c52d1564df4a8936ccd202a3bd8, type: 3}
  m_Name: 
  m_EditorClassIdentifier: 
  m_HorizontalAxis: Horizontal
  m_VerticalAxis: Vertical
  m_SubmitButton: Submit
  m_CancelButton: Cancel
  m_InputActionsPerSecond: 10
  m_RepeatDelay: 0.5
  m_ForceModuleActive: 0
--- !u!114 &1500371478
MonoBehaviour:
  m_ObjectHideFlags: 0
  m_PrefabParentObject: {fileID: 0}
  m_PrefabInternal: {fileID: 0}
  m_GameObject: {fileID: 1500371475}
  m_Enabled: 1
  m_EditorHideFlags: 0
  m_Script: {fileID: -619905303, guid: f5f67c52d1564df4a8936ccd202a3bd8, type: 3}
  m_Name: 
  m_EditorClassIdentifier: 
  m_FirstSelected: {fileID: 0}
  m_sendNavigationEvents: 1
  m_DragThreshold: 5
--- !u!4 &1500371479
Transform:
  m_ObjectHideFlags: 0
  m_PrefabParentObject: {fileID: 0}
  m_PrefabInternal: {fileID: 0}
  m_GameObject: {fileID: 1500371475}
  m_LocalRotation: {x: 0, y: 0, z: 0, w: 1}
  m_LocalPosition: {x: 0, y: 0, z: 0}
  m_LocalScale: {x: 1, y: 1, z: 1}
  m_Children: []
  m_Father: {fileID: 0}
  m_RootOrder: 1
  m_LocalEulerAnglesHint: {x: 0, y: 0, z: 0}
--- !u!1 &1511305452
GameObject:
  m_ObjectHideFlags: 0
  m_PrefabParentObject: {fileID: 0}
  m_PrefabInternal: {fileID: 0}
  serializedVersion: 5
  m_Component:
  - component: {fileID: 1511305453}
  m_Layer: 0
  m_Name: __SET_YOUR_GAMESCREEN_TO_1920x1080
  m_TagString: Untagged
  m_Icon: {fileID: 0}
  m_NavMeshLayer: 0
  m_StaticEditorFlags: 0
  m_IsActive: 1
--- !u!4 &1511305453
Transform:
  m_ObjectHideFlags: 0
  m_PrefabParentObject: {fileID: 0}
  m_PrefabInternal: {fileID: 0}
  m_GameObject: {fileID: 1511305452}
  m_LocalRotation: {x: 0, y: 0, z: 0, w: 1}
  m_LocalPosition: {x: 494.995, y: 627.74, z: 0}
  m_LocalScale: {x: 1, y: 1, z: 1}
  m_Children: []
  m_Father: {fileID: 0}
  m_RootOrder: 2
  m_LocalEulerAnglesHint: {x: 0, y: 0, z: 0}
--- !u!1 &1522771169
GameObject:
  m_ObjectHideFlags: 0
  m_PrefabParentObject: {fileID: 173192, guid: 3f8615137dfc6174893f350ef2e99f11, type: 2}
  m_PrefabInternal: {fileID: 206315673}
  serializedVersion: 5
  m_Component:
  - component: {fileID: 1522771170}
  - component: {fileID: 1522771173}
  - component: {fileID: 1522771172}
  - component: {fileID: 1522771171}
  m_Layer: 5
  m_Name: Text
  m_TagString: Untagged
  m_Icon: {fileID: 0}
  m_NavMeshLayer: 0
  m_StaticEditorFlags: 0
  m_IsActive: 1
--- !u!224 &1522771170
RectTransform:
  m_ObjectHideFlags: 0
  m_PrefabParentObject: {fileID: 22452126, guid: 3f8615137dfc6174893f350ef2e99f11,
    type: 2}
  m_PrefabInternal: {fileID: 206315673}
  m_GameObject: {fileID: 1522771169}
  m_LocalRotation: {x: 0, y: 0, z: 0, w: 1}
  m_LocalPosition: {x: -212, y: -31, z: 0}
  m_LocalScale: {x: 1, y: 1, z: 1}
  m_Children: []
  m_Father: {fileID: 123867872}
  m_RootOrder: 13
  m_LocalEulerAnglesHint: {x: 0, y: 0, z: 0}
  m_AnchorMin: {x: 0.5, y: 0.5}
  m_AnchorMax: {x: 0.5, y: 0.5}
  m_AnchoredPosition: {x: -212, y: -31}
  m_SizeDelta: {x: 78, y: 44}
  m_Pivot: {x: 0.5, y: 0.5}
--- !u!114 &1522771171
MonoBehaviour:
  m_ObjectHideFlags: 10
  m_PrefabParentObject: {fileID: 114129102213367556, guid: 3f8615137dfc6174893f350ef2e99f11,
    type: 2}
  m_PrefabInternal: {fileID: 206315673}
  m_GameObject: {fileID: 1522771169}
  m_Enabled: 1
  m_EditorHideFlags: 0
  m_Script: {fileID: 112998890, guid: 325c5b2a7434372429c2ca9d61dba58e, type: 3}
  m_Name: 
  m_EditorClassIdentifier: 
  _guid: e76b2620-3470-4da7-a249-ad8a82836d67
--- !u!114 &1522771172
MonoBehaviour:
  m_ObjectHideFlags: 0
  m_PrefabParentObject: {fileID: 11425800, guid: 3f8615137dfc6174893f350ef2e99f11,
    type: 2}
  m_PrefabInternal: {fileID: 206315673}
  m_GameObject: {fileID: 1522771169}
  m_Enabled: 1
  m_EditorHideFlags: 0
  m_Script: {fileID: 708705254, guid: f5f67c52d1564df4a8936ccd202a3bd8, type: 3}
  m_Name: 
  m_EditorClassIdentifier: 
  m_Material: {fileID: 0}
  m_Color: {r: 1, g: 1, b: 1, a: 0.6862745}
  m_RaycastTarget: 1
  m_OnCullStateChanged:
    m_PersistentCalls:
      m_Calls: []
    m_TypeName: UnityEngine.UI.MaskableGraphic+CullStateChangedEvent, UnityEngine.UI,
      Version=1.0.0.0, Culture=neutral, PublicKeyToken=null
  m_FontData:
    m_Font: {fileID: 12800000, guid: 0302b41c1bd344c75aa27df81f317832, type: 3}
    m_FontSize: 30
    m_FontStyle: 0
    m_BestFit: 0
    m_MinSize: 10
    m_MaxSize: 40
    m_Alignment: 1
    m_AlignByGeometry: 0
    m_RichText: 1
    m_HorizontalOverflow: 0
    m_VerticalOverflow: 0
    m_LineSpacing: 1
  m_Text: "60\u02DA"
--- !u!222 &1522771173
CanvasRenderer:
  m_ObjectHideFlags: 0
  m_PrefabParentObject: {fileID: 22217864, guid: 3f8615137dfc6174893f350ef2e99f11,
    type: 2}
  m_PrefabInternal: {fileID: 206315673}
  m_GameObject: {fileID: 1522771169}
--- !u!1 &1585630394
GameObject:
  m_ObjectHideFlags: 0
  m_PrefabParentObject: {fileID: 167032, guid: 3f8615137dfc6174893f350ef2e99f11, type: 2}
  m_PrefabInternal: {fileID: 206315673}
  serializedVersion: 5
  m_Component:
  - component: {fileID: 1585630395}
  - component: {fileID: 1585630398}
  - component: {fileID: 1585630397}
  - component: {fileID: 1585630396}
  m_Layer: 5
  m_Name: Text
  m_TagString: Untagged
  m_Icon: {fileID: 0}
  m_NavMeshLayer: 0
  m_StaticEditorFlags: 0
  m_IsActive: 1
--- !u!224 &1585630395
RectTransform:
  m_ObjectHideFlags: 0
  m_PrefabParentObject: {fileID: 22428794, guid: 3f8615137dfc6174893f350ef2e99f11,
    type: 2}
  m_PrefabInternal: {fileID: 206315673}
  m_GameObject: {fileID: 1585630394}
  m_LocalRotation: {x: 0, y: 0, z: 0, w: 1}
  m_LocalPosition: {x: -194, y: 50, z: 0}
  m_LocalScale: {x: 1, y: 1, z: 1}
  m_Children: []
  m_Father: {fileID: 481256824}
  m_RootOrder: 0
  m_LocalEulerAnglesHint: {x: 0, y: 0, z: 0}
  m_AnchorMin: {x: 0.5, y: 0.5}
  m_AnchorMax: {x: 0.5, y: 0.5}
  m_AnchoredPosition: {x: -194, y: 50}
  m_SizeDelta: {x: 333, y: 238}
  m_Pivot: {x: 0.5, y: 0.5}
--- !u!114 &1585630396
MonoBehaviour:
  m_ObjectHideFlags: 10
  m_PrefabParentObject: {fileID: 114568709656264098, guid: 3f8615137dfc6174893f350ef2e99f11,
    type: 2}
  m_PrefabInternal: {fileID: 206315673}
  m_GameObject: {fileID: 1585630394}
  m_Enabled: 1
  m_EditorHideFlags: 0
  m_Script: {fileID: 112998890, guid: 325c5b2a7434372429c2ca9d61dba58e, type: 3}
  m_Name: 
  m_EditorClassIdentifier: 
  _guid: 77c102f9-8379-4544-ad66-bc80a6e55c94
--- !u!114 &1585630397
MonoBehaviour:
  m_ObjectHideFlags: 0
  m_PrefabParentObject: {fileID: 11405156, guid: 3f8615137dfc6174893f350ef2e99f11,
    type: 2}
  m_PrefabInternal: {fileID: 206315673}
  m_GameObject: {fileID: 1585630394}
  m_Enabled: 1
  m_EditorHideFlags: 0
  m_Script: {fileID: 708705254, guid: f5f67c52d1564df4a8936ccd202a3bd8, type: 3}
  m_Name: 
  m_EditorClassIdentifier: 
  m_Material: {fileID: 0}
  m_Color: {r: 1, g: 1, b: 1, a: 0.38431373}
  m_RaycastTarget: 1
  m_OnCullStateChanged:
    m_PersistentCalls:
      m_Calls: []
    m_TypeName: UnityEngine.UI.MaskableGraphic+CullStateChangedEvent, UnityEngine.UI,
      Version=1.0.0.0, Culture=neutral, PublicKeyToken=null
  m_FontData:
    m_Font: {fileID: 12800000, guid: 7dfc2e1472ac84e1bb749a8a9f934483, type: 3}
    m_FontSize: 140
    m_FontStyle: 0
    m_BestFit: 0
    m_MinSize: 10
    m_MaxSize: 140
    m_Alignment: 1
    m_AlignByGeometry: 0
    m_RichText: 1
    m_HorizontalOverflow: 0
    m_VerticalOverflow: 0
    m_LineSpacing: 1
  m_Text: "64\u02DA"
--- !u!222 &1585630398
CanvasRenderer:
  m_ObjectHideFlags: 0
  m_PrefabParentObject: {fileID: 22215102, guid: 3f8615137dfc6174893f350ef2e99f11,
    type: 2}
  m_PrefabInternal: {fileID: 206315673}
  m_GameObject: {fileID: 1585630394}
--- !u!1 &1637275057
GameObject:
  m_ObjectHideFlags: 0
  m_PrefabParentObject: {fileID: 125114, guid: 3f8615137dfc6174893f350ef2e99f11, type: 2}
  m_PrefabInternal: {fileID: 206315673}
  serializedVersion: 5
  m_Component:
  - component: {fileID: 1637275058}
  - component: {fileID: 1637275062}
  - component: {fileID: 1637275061}
  - component: {fileID: 1637275060}
  - component: {fileID: 1637275059}
  m_Layer: 5
  m_Name: BG
  m_TagString: Untagged
  m_Icon: {fileID: 0}
  m_NavMeshLayer: 0
  m_StaticEditorFlags: 0
  m_IsActive: 1
--- !u!224 &1637275058
RectTransform:
  m_ObjectHideFlags: 0
  m_PrefabParentObject: {fileID: 22408348, guid: 3f8615137dfc6174893f350ef2e99f11,
    type: 2}
  m_PrefabInternal: {fileID: 206315673}
  m_GameObject: {fileID: 1637275057}
  m_LocalRotation: {x: 0, y: 0, z: 0, w: 1}
  m_LocalPosition: {x: -0.25, y: 0, z: 0}
  m_LocalScale: {x: 1, y: 1, z: 1}
  m_Children:
  - {fileID: 846234871}
  m_Father: {fileID: 583651927}
  m_RootOrder: 0
  m_LocalEulerAnglesHint: {x: 0, y: 0, z: 0}
  m_AnchorMin: {x: 0, y: 0}
  m_AnchorMax: {x: 0, y: 0}
  m_AnchoredPosition: {x: 959.75, y: 540}
  m_SizeDelta: {x: 1919.5, y: 1080}
  m_Pivot: {x: 0.5, y: 0.5}
--- !u!114 &1637275059
MonoBehaviour:
  m_ObjectHideFlags: 10
  m_PrefabParentObject: {fileID: 114419765099613990, guid: 3f8615137dfc6174893f350ef2e99f11,
    type: 2}
  m_PrefabInternal: {fileID: 206315673}
  m_GameObject: {fileID: 1637275057}
  m_Enabled: 1
  m_EditorHideFlags: 0
  m_Script: {fileID: 112998890, guid: 325c5b2a7434372429c2ca9d61dba58e, type: 3}
  m_Name: 
  m_EditorClassIdentifier: 
  _guid: b14ea91a-57f3-4001-8c90-daaab42cfff9
--- !u!114 &1637275060
MonoBehaviour:
  m_ObjectHideFlags: 0
  m_PrefabParentObject: {fileID: 11457000, guid: 3f8615137dfc6174893f350ef2e99f11,
    type: 2}
  m_PrefabInternal: {fileID: 206315673}
  m_GameObject: {fileID: 1637275057}
  m_Enabled: 1
  m_EditorHideFlags: 0
  m_Script: {fileID: -765806418, guid: f5f67c52d1564df4a8936ccd202a3bd8, type: 3}
  m_Name: 
  m_EditorClassIdentifier: 
  m_Material: {fileID: 0}
  m_Color: {r: 1, g: 1, b: 1, a: 1}
  m_RaycastTarget: 1
  m_OnCullStateChanged:
    m_PersistentCalls:
      m_Calls: []
    m_TypeName: UnityEngine.UI.MaskableGraphic+CullStateChangedEvent, UnityEngine.UI,
      Version=1.0.0.0, Culture=neutral, PublicKeyToken=null
  m_Sprite: {fileID: 21300000, guid: 7ed1238760b863f4aafde32ab3a6f28c, type: 3}
  m_Type: 1
  m_PreserveAspect: 0
  m_FillCenter: 1
  m_FillMethod: 4
  m_FillAmount: 1
  m_FillClockwise: 1
  m_FillOrigin: 0
--- !u!114 &1637275061
MonoBehaviour:
  m_ObjectHideFlags: 0
  m_PrefabParentObject: {fileID: 11426768, guid: 3f8615137dfc6174893f350ef2e99f11,
    type: 2}
  m_PrefabInternal: {fileID: 206315673}
  m_GameObject: {fileID: 1637275057}
  m_Enabled: 1
  m_EditorHideFlags: 0
  m_Script: {fileID: -1200242548, guid: f5f67c52d1564df4a8936ccd202a3bd8, type: 3}
  m_Name: 
  m_EditorClassIdentifier: 
  m_ShowMaskGraphic: 1
--- !u!222 &1637275062
CanvasRenderer:
  m_ObjectHideFlags: 0
  m_PrefabParentObject: {fileID: 22262882, guid: 3f8615137dfc6174893f350ef2e99f11,
    type: 2}
  m_PrefabInternal: {fileID: 206315673}
  m_GameObject: {fileID: 1637275057}
--- !u!1 &1679486054
GameObject:
  m_ObjectHideFlags: 0
  m_PrefabParentObject: {fileID: 151866, guid: 3f8615137dfc6174893f350ef2e99f11, type: 2}
  m_PrefabInternal: {fileID: 206315673}
  serializedVersion: 5
  m_Component:
  - component: {fileID: 1679486055}
  - component: {fileID: 1679486058}
  - component: {fileID: 1679486057}
  - component: {fileID: 1679486056}
  m_Layer: 5
  m_Name: Text
  m_TagString: Untagged
  m_Icon: {fileID: 0}
  m_NavMeshLayer: 0
  m_StaticEditorFlags: 0
  m_IsActive: 1
--- !u!224 &1679486055
RectTransform:
  m_ObjectHideFlags: 0
  m_PrefabParentObject: {fileID: 22488968, guid: 3f8615137dfc6174893f350ef2e99f11,
    type: 2}
  m_PrefabInternal: {fileID: 206315673}
  m_GameObject: {fileID: 1679486054}
  m_LocalRotation: {x: 0, y: 0, z: 0, w: 1}
  m_LocalPosition: {x: -420, y: 155, z: 0}
  m_LocalScale: {x: 1, y: 1, z: 1}
  m_Children: []
  m_Father: {fileID: 123867872}
  m_RootOrder: 5
  m_LocalEulerAnglesHint: {x: 0, y: 0, z: 0}
  m_AnchorMin: {x: 0.5, y: 0.5}
  m_AnchorMax: {x: 0.5, y: 0.5}
  m_AnchoredPosition: {x: -420, y: 155}
  m_SizeDelta: {x: 78, y: 44}
  m_Pivot: {x: 0.5, y: 0.5}
--- !u!114 &1679486056
MonoBehaviour:
  m_ObjectHideFlags: 10
  m_PrefabParentObject: {fileID: 114399934438395094, guid: 3f8615137dfc6174893f350ef2e99f11,
    type: 2}
  m_PrefabInternal: {fileID: 206315673}
  m_GameObject: {fileID: 1679486054}
  m_Enabled: 1
  m_EditorHideFlags: 0
  m_Script: {fileID: 112998890, guid: 325c5b2a7434372429c2ca9d61dba58e, type: 3}
  m_Name: 
  m_EditorClassIdentifier: 
  _guid: 23dd76f1-fda5-46d4-a9d2-d508507d75b5
--- !u!114 &1679486057
MonoBehaviour:
  m_ObjectHideFlags: 0
  m_PrefabParentObject: {fileID: 11456136, guid: 3f8615137dfc6174893f350ef2e99f11,
    type: 2}
  m_PrefabInternal: {fileID: 206315673}
  m_GameObject: {fileID: 1679486054}
  m_Enabled: 1
  m_EditorHideFlags: 0
  m_Script: {fileID: 708705254, guid: f5f67c52d1564df4a8936ccd202a3bd8, type: 3}
  m_Name: 
  m_EditorClassIdentifier: 
  m_Material: {fileID: 0}
  m_Color: {r: 1, g: 1, b: 1, a: 0.6862745}
  m_RaycastTarget: 1
  m_OnCullStateChanged:
    m_PersistentCalls:
      m_Calls: []
    m_TypeName: UnityEngine.UI.MaskableGraphic+CullStateChangedEvent, UnityEngine.UI,
      Version=1.0.0.0, Culture=neutral, PublicKeyToken=null
  m_FontData:
    m_Font: {fileID: 12800000, guid: 7dfc2e1472ac84e1bb749a8a9f934483, type: 3}
    m_FontSize: 22
    m_FontStyle: 0
    m_BestFit: 0
    m_MinSize: 10
    m_MaxSize: 40
    m_Alignment: 1
    m_AlignByGeometry: 0
    m_RichText: 1
    m_HorizontalOverflow: 0
    m_VerticalOverflow: 0
    m_LineSpacing: 1
  m_Text: mon
--- !u!222 &1679486058
CanvasRenderer:
  m_ObjectHideFlags: 0
  m_PrefabParentObject: {fileID: 22284710, guid: 3f8615137dfc6174893f350ef2e99f11,
    type: 2}
  m_PrefabInternal: {fileID: 206315673}
  m_GameObject: {fileID: 1679486054}
--- !u!1 &1732390812
GameObject:
  m_ObjectHideFlags: 0
  m_PrefabParentObject: {fileID: 191552, guid: 3f8615137dfc6174893f350ef2e99f11, type: 2}
  m_PrefabInternal: {fileID: 206315673}
  serializedVersion: 5
  m_Component:
  - component: {fileID: 1732390813}
  - component: {fileID: 1732390816}
  - component: {fileID: 1732390815}
  - component: {fileID: 1732390814}
  m_Layer: 5
  m_Name: Text
  m_TagString: Untagged
  m_Icon: {fileID: 0}
  m_NavMeshLayer: 0
  m_StaticEditorFlags: 0
  m_IsActive: 1
--- !u!224 &1732390813
RectTransform:
  m_ObjectHideFlags: 0
  m_PrefabParentObject: {fileID: 22476850, guid: 3f8615137dfc6174893f350ef2e99f11,
    type: 2}
  m_PrefabInternal: {fileID: 206315673}
  m_GameObject: {fileID: 1732390812}
  m_LocalRotation: {x: 0, y: 0, z: 0, w: 1}
  m_LocalPosition: {x: -420, y: -31, z: 0}
  m_LocalScale: {x: 1, y: 1, z: 1}
  m_Children: []
  m_Father: {fileID: 123867872}
  m_RootOrder: 14
  m_LocalEulerAnglesHint: {x: 0, y: 0, z: 0}
  m_AnchorMin: {x: 0.5, y: 0.5}
  m_AnchorMax: {x: 0.5, y: 0.5}
  m_AnchoredPosition: {x: -420, y: -31}
  m_SizeDelta: {x: 78, y: 44}
  m_Pivot: {x: 0.5, y: 0.5}
--- !u!114 &1732390814
MonoBehaviour:
  m_ObjectHideFlags: 10
  m_PrefabParentObject: {fileID: 114772448948603884, guid: 3f8615137dfc6174893f350ef2e99f11,
    type: 2}
  m_PrefabInternal: {fileID: 206315673}
  m_GameObject: {fileID: 1732390812}
  m_Enabled: 1
  m_EditorHideFlags: 0
  m_Script: {fileID: 112998890, guid: 325c5b2a7434372429c2ca9d61dba58e, type: 3}
  m_Name: 
  m_EditorClassIdentifier: 
  _guid: eb324ea0-10dd-4c31-a52f-ba1696b04d64
--- !u!114 &1732390815
MonoBehaviour:
  m_ObjectHideFlags: 0
  m_PrefabParentObject: {fileID: 11471882, guid: 3f8615137dfc6174893f350ef2e99f11,
    type: 2}
  m_PrefabInternal: {fileID: 206315673}
  m_GameObject: {fileID: 1732390812}
  m_Enabled: 1
  m_EditorHideFlags: 0
  m_Script: {fileID: 708705254, guid: f5f67c52d1564df4a8936ccd202a3bd8, type: 3}
  m_Name: 
  m_EditorClassIdentifier: 
  m_Material: {fileID: 0}
  m_Color: {r: 1, g: 1, b: 1, a: 0.6862745}
  m_RaycastTarget: 1
  m_OnCullStateChanged:
    m_PersistentCalls:
      m_Calls: []
    m_TypeName: UnityEngine.UI.MaskableGraphic+CullStateChangedEvent, UnityEngine.UI,
      Version=1.0.0.0, Culture=neutral, PublicKeyToken=null
  m_FontData:
    m_Font: {fileID: 12800000, guid: 0302b41c1bd344c75aa27df81f317832, type: 3}
    m_FontSize: 30
    m_FontStyle: 0
    m_BestFit: 0
    m_MinSize: 10
    m_MaxSize: 40
    m_Alignment: 1
    m_AlignByGeometry: 0
    m_RichText: 1
    m_HorizontalOverflow: 0
    m_VerticalOverflow: 0
    m_LineSpacing: 1
  m_Text: "71\u02DA"
--- !u!222 &1732390816
CanvasRenderer:
  m_ObjectHideFlags: 0
  m_PrefabParentObject: {fileID: 22278500, guid: 3f8615137dfc6174893f350ef2e99f11,
    type: 2}
  m_PrefabInternal: {fileID: 206315673}
  m_GameObject: {fileID: 1732390812}
--- !u!1 &1963925480
GameObject:
  m_ObjectHideFlags: 0
  m_PrefabParentObject: {fileID: 110770, guid: 3f8615137dfc6174893f350ef2e99f11, type: 2}
  m_PrefabInternal: {fileID: 206315673}
  serializedVersion: 5
  m_Component:
  - component: {fileID: 1963925481}
  - component: {fileID: 1963925484}
  - component: {fileID: 1963925483}
  - component: {fileID: 1963925482}
  m_Layer: 5
  m_Name: Text
  m_TagString: Untagged
  m_Icon: {fileID: 0}
  m_NavMeshLayer: 0
  m_StaticEditorFlags: 0
  m_IsActive: 1
--- !u!224 &1963925481
RectTransform:
  m_ObjectHideFlags: 0
  m_PrefabParentObject: {fileID: 22424924, guid: 3f8615137dfc6174893f350ef2e99f11,
    type: 2}
  m_PrefabInternal: {fileID: 206315673}
  m_GameObject: {fileID: 1963925480}
  m_LocalRotation: {x: 0, y: 0, z: 0, w: 1}
  m_LocalPosition: {x: 212, y: -31, z: 0}
  m_LocalScale: {x: 1, y: 1, z: 1}
  m_Children: []
  m_Father: {fileID: 123867872}
  m_RootOrder: 11
  m_LocalEulerAnglesHint: {x: 0, y: 0, z: 0}
  m_AnchorMin: {x: 0.5, y: 0.5}
  m_AnchorMax: {x: 0.5, y: 0.5}
  m_AnchoredPosition: {x: 212, y: -31}
  m_SizeDelta: {x: 78, y: 44}
  m_Pivot: {x: 0.5, y: 0.5}
--- !u!114 &1963925482
MonoBehaviour:
  m_ObjectHideFlags: 10
  m_PrefabParentObject: {fileID: 114146592702894454, guid: 3f8615137dfc6174893f350ef2e99f11,
    type: 2}
  m_PrefabInternal: {fileID: 206315673}
  m_GameObject: {fileID: 1963925480}
  m_Enabled: 1
  m_EditorHideFlags: 0
  m_Script: {fileID: 112998890, guid: 325c5b2a7434372429c2ca9d61dba58e, type: 3}
  m_Name: 
  m_EditorClassIdentifier: 
  _guid: 4dede9a4-5777-45ff-8387-8127766e6d31
--- !u!114 &1963925483
MonoBehaviour:
  m_ObjectHideFlags: 0
  m_PrefabParentObject: {fileID: 11414900, guid: 3f8615137dfc6174893f350ef2e99f11,
    type: 2}
  m_PrefabInternal: {fileID: 206315673}
  m_GameObject: {fileID: 1963925480}
  m_Enabled: 1
  m_EditorHideFlags: 0
  m_Script: {fileID: 708705254, guid: f5f67c52d1564df4a8936ccd202a3bd8, type: 3}
  m_Name: 
  m_EditorClassIdentifier: 
  m_Material: {fileID: 0}
  m_Color: {r: 1, g: 1, b: 1, a: 0.6862745}
  m_RaycastTarget: 1
  m_OnCullStateChanged:
    m_PersistentCalls:
      m_Calls: []
    m_TypeName: UnityEngine.UI.MaskableGraphic+CullStateChangedEvent, UnityEngine.UI,
      Version=1.0.0.0, Culture=neutral, PublicKeyToken=null
  m_FontData:
    m_Font: {fileID: 12800000, guid: 0302b41c1bd344c75aa27df81f317832, type: 3}
    m_FontSize: 30
    m_FontStyle: 0
    m_BestFit: 0
    m_MinSize: 10
    m_MaxSize: 40
    m_Alignment: 1
    m_AlignByGeometry: 0
    m_RichText: 1
    m_HorizontalOverflow: 0
    m_VerticalOverflow: 0
    m_LineSpacing: 1
  m_Text: "89\u02DA"
--- !u!222 &1963925484
CanvasRenderer:
  m_ObjectHideFlags: 0
  m_PrefabParentObject: {fileID: 22239750, guid: 3f8615137dfc6174893f350ef2e99f11,
    type: 2}
  m_PrefabInternal: {fileID: 206315673}
  m_GameObject: {fileID: 1963925480}
--- !u!1 &1973944804
GameObject:
  m_ObjectHideFlags: 0
  m_PrefabParentObject: {fileID: 152888, guid: 3f8615137dfc6174893f350ef2e99f11, type: 2}
  m_PrefabInternal: {fileID: 206315673}
  serializedVersion: 5
  m_Component:
  - component: {fileID: 1973944805}
  - component: {fileID: 1973944808}
  - component: {fileID: 1973944807}
  - component: {fileID: 1973944806}
  m_Layer: 5
  m_Name: Icon
  m_TagString: Untagged
  m_Icon: {fileID: 0}
  m_NavMeshLayer: 0
  m_StaticEditorFlags: 0
  m_IsActive: 1
--- !u!224 &1973944805
RectTransform:
  m_ObjectHideFlags: 0
  m_PrefabParentObject: {fileID: 22468148, guid: 3f8615137dfc6174893f350ef2e99f11,
    type: 2}
  m_PrefabInternal: {fileID: 206315673}
  m_GameObject: {fileID: 1973944804}
  m_LocalRotation: {x: 0, y: 0, z: 0, w: 1}
  m_LocalPosition: {x: 420, y: 53, z: 0}
  m_LocalScale: {x: 1, y: 1, z: 1}
  m_Children: []
  m_Father: {fileID: 123867872}
  m_RootOrder: 2
  m_LocalEulerAnglesHint: {x: 0, y: 0, z: 0}
  m_AnchorMin: {x: 0.5, y: 0.5}
  m_AnchorMax: {x: 0.5, y: 0.5}
  m_AnchoredPosition: {x: 420, y: 53}
  m_SizeDelta: {x: 94, y: 96}
  m_Pivot: {x: 0.5, y: 0.5}
--- !u!114 &1973944806
MonoBehaviour:
  m_ObjectHideFlags: 10
  m_PrefabParentObject: {fileID: 114652612261989008, guid: 3f8615137dfc6174893f350ef2e99f11,
    type: 2}
  m_PrefabInternal: {fileID: 206315673}
  m_GameObject: {fileID: 1973944804}
  m_Enabled: 1
  m_EditorHideFlags: 0
  m_Script: {fileID: 112998890, guid: 325c5b2a7434372429c2ca9d61dba58e, type: 3}
  m_Name: 
  m_EditorClassIdentifier: 
  _guid: 36e7445b-4893-434c-aaf7-dada04dfb889
--- !u!114 &1973944807
MonoBehaviour:
  m_ObjectHideFlags: 0
  m_PrefabParentObject: {fileID: 11415284, guid: 3f8615137dfc6174893f350ef2e99f11,
    type: 2}
  m_PrefabInternal: {fileID: 206315673}
  m_GameObject: {fileID: 1973944804}
  m_Enabled: 1
  m_EditorHideFlags: 0
  m_Script: {fileID: -765806418, guid: f5f67c52d1564df4a8936ccd202a3bd8, type: 3}
  m_Name: 
  m_EditorClassIdentifier: 
  m_Material: {fileID: 0}
  m_Color: {r: 1, g: 1, b: 1, a: 0.6862745}
  m_RaycastTarget: 1
  m_OnCullStateChanged:
    m_PersistentCalls:
      m_Calls: []
    m_TypeName: UnityEngine.UI.MaskableGraphic+CullStateChangedEvent, UnityEngine.UI,
      Version=1.0.0.0, Culture=neutral, PublicKeyToken=null
  m_Sprite: {fileID: 21300000, guid: 72d07fa3cc2407e448699da3259aa532, type: 3}
  m_Type: 0
  m_PreserveAspect: 0
  m_FillCenter: 1
  m_FillMethod: 4
  m_FillAmount: 1
  m_FillClockwise: 1
  m_FillOrigin: 0
--- !u!222 &1973944808
CanvasRenderer:
  m_ObjectHideFlags: 0
  m_PrefabParentObject: {fileID: 22275948, guid: 3f8615137dfc6174893f350ef2e99f11,
    type: 2}
  m_PrefabInternal: {fileID: 206315673}
  m_GameObject: {fileID: 1973944804}
--- !u!1 &2007402306
GameObject:
  m_ObjectHideFlags: 0
  m_PrefabParentObject: {fileID: 198964, guid: 3f8615137dfc6174893f350ef2e99f11, type: 2}
  m_PrefabInternal: {fileID: 206315673}
  serializedVersion: 5
  m_Component:
  - component: {fileID: 2007402307}
  - component: {fileID: 2007402310}
  - component: {fileID: 2007402309}
  - component: {fileID: 2007402308}
  m_Layer: 5
  m_Name: Icon
  m_TagString: Untagged
  m_Icon: {fileID: 0}
  m_NavMeshLayer: 0
  m_StaticEditorFlags: 0
  m_IsActive: 1
--- !u!224 &2007402307
RectTransform:
  m_ObjectHideFlags: 0
  m_PrefabParentObject: {fileID: 22447000, guid: 3f8615137dfc6174893f350ef2e99f11,
    type: 2}
  m_PrefabInternal: {fileID: 206315673}
  m_GameObject: {fileID: 2007402306}
  m_LocalRotation: {x: 0, y: 0, z: 0, w: 1}
  m_LocalPosition: {x: 0, y: 91, z: 0}
  m_LocalScale: {x: 1, y: 1, z: 1}
  m_Children: []
  m_Father: {fileID: 123867872}
  m_RootOrder: 0
  m_LocalEulerAnglesHint: {x: 0, y: 0, z: 0}
  m_AnchorMin: {x: 0.5, y: 0.5}
  m_AnchorMax: {x: 0.5, y: 0.5}
  m_AnchoredPosition: {x: 0, y: 91}
  m_SizeDelta: {x: 94, y: 74}
  m_Pivot: {x: 0.5, y: 0.89418423}
--- !u!114 &2007402308
MonoBehaviour:
  m_ObjectHideFlags: 10
  m_PrefabParentObject: {fileID: 114806182178853030, guid: 3f8615137dfc6174893f350ef2e99f11,
    type: 2}
  m_PrefabInternal: {fileID: 206315673}
  m_GameObject: {fileID: 2007402306}
  m_Enabled: 1
  m_EditorHideFlags: 0
  m_Script: {fileID: 112998890, guid: 325c5b2a7434372429c2ca9d61dba58e, type: 3}
  m_Name: 
  m_EditorClassIdentifier: 
  _guid: dfdd4ecc-b132-4a53-ab4d-12466a4250ce
--- !u!114 &2007402309
MonoBehaviour:
  m_ObjectHideFlags: 0
  m_PrefabParentObject: {fileID: 11413556, guid: 3f8615137dfc6174893f350ef2e99f11,
    type: 2}
  m_PrefabInternal: {fileID: 206315673}
  m_GameObject: {fileID: 2007402306}
  m_Enabled: 1
  m_EditorHideFlags: 0
  m_Script: {fileID: -765806418, guid: f5f67c52d1564df4a8936ccd202a3bd8, type: 3}
  m_Name: 
  m_EditorClassIdentifier: 
  m_Material: {fileID: 0}
  m_Color: {r: 1, g: 1, b: 1, a: 0.6862745}
  m_RaycastTarget: 1
  m_OnCullStateChanged:
    m_PersistentCalls:
      m_Calls: []
    m_TypeName: UnityEngine.UI.MaskableGraphic+CullStateChangedEvent, UnityEngine.UI,
      Version=1.0.0.0, Culture=neutral, PublicKeyToken=null
  m_Sprite: {fileID: 21300000, guid: 3ab0a2908c435874e844f558c1169dd3, type: 3}
  m_Type: 0
  m_PreserveAspect: 0
  m_FillCenter: 1
  m_FillMethod: 4
  m_FillAmount: 1
  m_FillClockwise: 1
  m_FillOrigin: 0
--- !u!222 &2007402310
CanvasRenderer:
  m_ObjectHideFlags: 0
  m_PrefabParentObject: {fileID: 22227938, guid: 3f8615137dfc6174893f350ef2e99f11,
    type: 2}
  m_PrefabInternal: {fileID: 206315673}
  m_GameObject: {fileID: 2007402306}
